3125 4917
381 384 441 452 10.
470 386 593 451 nm.
621 382 770 451 121OEss
798 383 1106 453 commutate.
1161 388 1297 457 mm-

210 558 287 625 qnae
299 539 487 603 occidentem
501 561 607 604 versus
621 542 728 603 unicae
742 542 828 625 regni
841 541 1018 626 amplissimi
1029 542 1174 627 reliquiae
1186 556 1286 629 erm,

210 626 322 705 partim
347 645 366 685 a
389 624 598 707 Langobardis
619 633 801 705 occupatae,
830 630 943 707 poi-tim
968 626 1174 712 hequeatibus
1194 628 1286 700 Sern-

212 726 356 782 eenomm
382 726 418 767 ex
447 706 552 768 Africa
582 704 804 783 incursionibus
830 710 962 784 attritae.
1010 709 1200 773 Neeoriens
1226 711 1286 771 im-

211 798 311 849 motus
328 798 411 867 erat,
432 809 502 849 cum
616 790 668 849 ‘cis
696 797 727 849 et
748 786 890 851 Arabicis
906 790 1044 873 gentihus
1067 792 1195 852 inermes
1214 812 1289 873 pro*

212 872 348 951 vinciae,
370 880 400 931 et
419 892 536 953 semper
606 870 701 931 stibus
725 873 893 951 expositae,
921 875 954 933 in
977 875 1109 955 pretium
1128 874 1200 935 belli
1223 896 1288 936 ces·-

213 954 332 1030 sissent,
353 972 427 1035 quas
446 953 558 1013 trusus
572 953 680 1012 Graeci
702 953 794 1012 armis
815 954 998 1035 repetebant.
1038 954 1122 1016 Inter
1140 956 1213 1017 haec
1229 960 1288 1016 mi-

213 1054 283 1093 rum
305 1046 371 1114 cst,
391 1046 505 1117 quomo
526 1033 625 1095 studio
647 1034 847 1113 Imperatores
871 1036 973 1097 adnixi
996 1039 1079 1114 sint,
1098 1049 1135 1097 ut
1150 1041 1289 1099 maiestas

214 1136 269 1176 aua
293 1127 324 1177 et
336 1120 472 1198 potentia
482 1116 653 1177 veneranda
663 1114 792 1196 populis·
800 1136 836 1177 ac
855 1118 998 1179 terribilis
1016 1130 1103 1196 esset,
1127 1140 1183 1180 nec
1196 1120 1292 1181 fracta

213 1208 260 1257 tot
285 1198 527 1277 calamitatibus,
554 1209 607 1258 aut
637 1199 816 1277 imminuta,
843 1199 1005 1264 videretur.
1047 1201 1126 1263 ilinc
1157 1200 1209 1262 ille
1231 1205 1292 1262 mi·

215 1282 381 1341 sistrorum
411 1283 495 1362 regni
521 1300 698 1357 numerus,
727 1279 799 1339 hinc
823 1282 915 1340 trium
935 1281 1018 1341 halla
1048 1295 1224 1344 ornamenta
1260 1294 1293 1345 et

214 1382 365 1443 pompae,
386 1361 458 1422 hinc
477 1364 623 1424 circenses
644 1360 708 1421 ludi
726 1370 756 1421 et
774 1372 877 1442 specta
926 1384 945 1423 a
966 1362 1083 1425 civibus
1103 1365 1203 1442 edita,
1220 1365 1293 1426 hino

215 1459 377 1503 muncrum
398 1442 535 1503 solennes
557 1446 763 1525 erogationes,
797 1446 872 1503 et-si
895 1465 974 1525 quae
1000 1442 1060 1504 elia
1084 1456 1137 1506 aut
1162 1449 1294 1528 principi

215 1524 325 1585 decora
344 1535 397 1585 aut
420 1536 543 1605 accepta
563 1524 677 1605 vulgo,
715 1524 907 1604 putabantur.
959 1525 1009 1584 Sic
1024 1546 1099 1587 vero
1121 1537 1295 1609 temporum

156 1636 157 1639 ¹
218 1626 356 1667 mecessu
377 1609 528 1683 aerarium
550 1606 728 1665 exhaustum
749 1614 814 1679 est,
841 1614 872 1664 et
898 1604 1029 1665 mollicie
1050 1627 1085 1667 ae
1106 1612 1168 1669 otio
1194 1611 1295 1690 lmpe⁴

217 1699 320 1748 rantes
337 1696 368 1747 et
382 1688 508 1748 subiecti
525 1686 756 1747 contabuerunt.
778 1685 848 1748 Non
863 1686 938 1745 adeo
952 1697 1053 1747 tamen
1070 1689 1217 1750 virtiitum
1236 1703 1296 1752 ste·

218 1769 287 1829 rilis
316 1770 390 1831 haec
416 1766 517 1829 secula
542 1766 645 1845 hiere,
672 1777 709 1827 ut
737 1786 800 1825 nou
830 1778 861 1827 et
890 1767 971 1827 bona
993 1768 1128 1850 exempla
1154 1773 1297 1853 prodide-

218 1854 306 1921 rint,
327 1855 390 1911 imo
412 1850 514 1931 plures
533 1850 557 1909 Β
580 1850 711 1908 caunum
731 1846 858 1925 habuit,
877 1870 954 1931 quos
974 1848 1098 1929 ltaliae,
1119 1852 1223 1914 studiis
1246 1853 1298 1915 lit·

218 1945 354 1993 terarum
372 1930 527 2013 quondam
549 1872 800 2007 llos-entissime,
821 1940 888 1989 turn
911 1930 964 1991 illo
985 1930 1100 1994 lumine
1120 1933 1297 2013 destitutae,

220 2023 396 2097 opponeret
437 2014 516 2074 Cum
539 2016 632 2089 enim,
653 2033 671 2072 a
697 2012 854 2072 iustiniani
874 2022 994 2090 aetate,
1015 2024 1094 2075 artes
1113 2019 1237 2099 antiqua
1255 2040 1300 2079 re

223 2097 335 2180 ligione
364 2098 453 2178 pauci
481 2116 536 2178 per
558 2096 676 2156 ltaliam
702 2091 888 2172 excolerent,
916 2094 998 2176 quod
1021 2094 1162 2176 barbari,
1188 2100 1299 2183 quihus

221 2190 289 2240 t11m
313 2199 419 2261 parere
445 2178 626 2259 cogebatur,
654 2178 692 2237 iis
724 2177 841 2237 animos
869 2171 1073 2257 effoeminari,
1102 2200 1138 2240 ac
1159 2181 1300 2243 hellicem

222 2264 367 2321 virtutem
388 2262 537 2343 opprimi,
557 2260 738 2338 credebant,
759 2261 886 2320 Graecia
902 2258 1105 2341 Procopium,
1126 2260 1155 2323 A
1176 2264 1302 2342 ethium,

223 2344 464 2425 Theophanem,
494 2344 656 2423 praestanti
679 2341 848 2402 eruditione
869 2343 970 2420 viros,
997 2341 1111 2405 erudit.
1158 2285 1215 2406 llis
1237 2367 1301 2406 non
1317 2364 1333 2376 ··

224 2427 323 2507 impar
344 2426 401 2484 suit
420 2422 536 2485 Paulus
557 2425 767 2501 silentiarius,
787 2423 921 2503 pulchris
945 2425 1100 2505 doctisque
1118 2427 1303 2492 carminibus

225 2506 364 2582 inclitus,
385 2524 455 2565 cum
475 2526 583 2587 magna
605 2504 657 2565 illa
682 2506 804 2585 ingenia
829 2504 945 2564 dudum
962 2509 993 2564 in
1020 2505 1105 2565 ltalia
1124 2510 1300 2588 cessissent,

227 2600 257 2649 et
278 2592 436 2671 strepitum
466 2590 624 2668 poiitarum
651 2586 830 2646 Latinorum
857 2587 908 2646 vix
937 2607 974 2646 es
1001 2596 1156 2668 tempora,
1190 2590 1301 2671 φὼς
1339 2622 1349 2640 ·.

227 2671 414 2755 prodibant,
450 2669 529 2730 ferre
549 2680 679 2751 possent.
718 2668 806 2744 Sed,
834 2676 870 2728 ut
893 2665 932 2726 ad
958 2670 1101 2749 propiora
1124 2672 1301 2750 veniamus,

227 2756 295 2835 quis
320 2752 454 2828 Photio,
474 2752 528 2832 qui
547 2750 648 2809 Basilii
677 2749 851 2808 Macedonis
870 2757 998 2807 aetatem
1020 2748 1202 2828 illustravit,
1232 2756 1302 2832 quis

228 2836 364 2893 omnium
384 2836 555 2914 principum
579 2830 694 2907 Leoni,
714 2832 762 2888 cui
784 2829 922 2889 doctrina
935 2839 966 2889 et
988 2840 1131 2910 pstea-nus
1151 2834 1182 2892 in
1199 2835 1302 2895 Musas

228 2920 346 2976 animus
363 2914 511 2996 Sapientis
532 2933 697 2995 cognomen
724 2910 860 2986 addidit,
881 2912 948 2970 iure
968 2922 1070 2991 posset
1088 2916 1305 3054 aeppiparari‘t

228 2997 266 3057 ln
292 3000 357 3057 eius
379 2995 502 3077 φιὶἀεηι
524 2994 628 3055 edictis
649 2991 895 3054 declamatorium
917 2996 1018 3075 potius
1039 2993 1126 3064 dicen
1149 2998 1155 3011 '
1184 3002 1405 3079 genua,1..m
1482 3050 1488 3058 .

261 3100 322 3139 iam
342 3076 394 3139 illa
418 3080 549 3159 gravitas
567 3088 598 3137 et
618 3076 757 3136 maiestas
776 3076 940 3153 orationis,
959 3096 1038 3156 quae
1059 3078 1190 3159 antiquis
1217 3083 1307 3157 inest,

229 3102 490 3245 deprehenditur:
516 3159 570 3219 sed
596 3158 670 3219 haec
692 3157 817 3218 sortasse
837 3167 898 3217 tem
940 3178 1009 3217 rum
1032 3158 1140 3240 culpa,
1169 3170 1200 3220 et
1219 3165 1306 3243 quasi

232 3246 337 3326 genius
351 3241 474 3324 quidam
489 3241 558 3301 fuit.
599 3240 797 3301 Constantino
816 3178 1089 3322 Porphoyiogenito,
1104 3241 1214 3303 Leonis
1230 3243 1306 3324 tilio,

231 3334 387 3406 acceptum
406 3323 541 3398 serimus,
557 3322 640 3407 (prod
659 3332 777 3383 vetusta
797 3323 942 3382 memorio
961 3342 1024 3381 non
1042 3321 1132 3405 plane
1147 3325 1306 3406 interierit,

232 3428 302 3468 cnm
327 3405 453 3467 Diodori
485 3405 597 3481 Siculi,
624 3406 731 3465 Dionis
760 3405 874 3480 Cassii,
912 3402 1060 3481 aliorum,
1092 3420 1307 3485 monumenta,

233 3486 340 3551 litteris
364 3488 485 3564 tradita,
509 3508 545 3547 cx
565 3485 617 3547 illa
639 3486 771 3567 palatina
792 3483 974 3545 bibliotheca
990 3487 1023 3544 in
1041 3483 1141 3545 lucem
1156 3498 1309 3572 utcunque

233 3570 412 3653 protulerit,
434 3572 573 3651 princeps
596 3579 626 3628 et
651 3571 714 3650 ipse
733 3567 851 3707 egi-spic
866 3565 972 3627 doctus
991 3576 1022 3626 et
1035 3566 1223 3631 eruditorum
1243 3572 1310 3633 cul-

232 3663 284 3715 tor
313 3662 345 3712 et
369 3653 491 3711 antistes
519 3653 677 3711 maximus.
718 3648 776 3709 Sed
819 3668 836 3707 e
864 3648 1051 3709 Constantini
1081 3652 1199 3731 scriptis
1222 3663 1253 3713 et
1276 3656 1310 3713 in

234 3734 330 3795 honas
347 3731 461 3793 litteras
483 3734 597 3793 meritis
620 3732 790 3793 uberiorem
805 3732 962 3791 materiam
982 3728 1048 3789 aliis
1065 3732 1252 3812 temporibus
1268 3754 1311 3795 se·
1419 3788 1422 3793 .

277 3818 336 3893 sui,
357 3837 426 3875 cum
447 3814 563 3874 eiusde
579 3818 749 3875 cerimoniis
770 3811 1047 3894 aulaeBymntinae
1066 3833 1155 3893 opus,
1178 3817 1211 3875 in
1234 3815 1311 3877 duos
1368 3871 1375 3894 ,

233 3837 328 3959 hilm
348 3897 513 3977 digestum,
535 3917 553 3956 e
576 3897 677 3957 codice
691 3894 892 3955 bibliothecae
909 3892 1061 3974 publicae,
1076 3894 1107 3954 id
1127 3896 1210 3977 quod
1223 3900 1312 3958 mari·

234 4000 285 4040 me
306 3999 387 4038 nime
406 3978 527 4053 molior,
551 3978 620 4039 evul
701 4020 709 4037 .
751 3974 845 4037 Aetas
867 3977 943 4052 eius,
964 3978 1084 4057 siquae
1105 3976 1176 4056 alia,
1197 3981 1313 4061 magau

236 4058 379 4142 exernplis
402 4061 486 4122 dives
506 4058 570 4122 fuit
647 4080 697 4121 am
719 4058 828 4135 Russi,
849 4058 1022 4139 Tuscique,
1053 4060 1145 4120 sacris
1165 4061 1311 4123 Christia-

237 4146 591 4286 eialitlhmdtpfhilbllillsirhht
603 4138 1312 4305 gibnntshtplbslullellllhplulllrlhffletsbnrhlnlafflffi’

679 4268 688 4299 s
1214 4269 1225 4306 s
1295 4256 1312 4274 ⁴

276 4322 474 4377 Constantinus
495 4320 626 4391 Porphyr.
648 4322 704 4372 Vol.
723 4322 743 4371 1.
1053 4321 1118 4364 m
