3125 4917
227 1040 394 1144 talesque
412 1042 601 1140 pertinent
625 1042 758 1113 ceteris
777 1060 848 1137 per
866 1037 1126 1138 septentrionis
1149 1039 1323 1140 regiones

222 1192 361 1289 positis
380 1183 601 1291 praefulget
610 1185 706 1286 fere
730 1182 910 1259 omnibus.
969 1182 1050 1259 lam
1081 1206 1175 1257 vero
1208 1208 1322 1287 qutun

227 1334 315 1407 tulis
347 1334 419 1419 sit,
461 1332 659 1428 peregrini
689 1354 835 1432 quoque
873 1332 1019 1429 pariter
1053 1353 1136 1441 cum
1172 1328 1321 1404 ciuibus

224 1480 416 1553 liberrimo
441 1476 495 1551 acl
516 1478 597 1550 eius
612 1474 809 1553 thesauros
830 1474 997 1576 gaudent
1021 1472 1150 1549 allitus
1173 1498 1321 1548 verum·

223 1644 347 1699 tamen
362 1641 567 1715 vestrates,
592 1650 689 1729 quae
709 1630 892 1701 maiorum
894 1626 1064 1729 fortuna
1081 1642 1120 1701 et
1136 1625 1321 1722 sapientia

223 1772 460 1851 bibliothecis
478 1776 617 1860 intulit,
631 1780 955 1877 gnavitereruunt
966 1779 1060 1876 ipsi,
1076 1770 1322 1875 publicaeque

221 1922 440 2029 iaciatque
474 1925 630 1999 utilitati
660 1923 825 2002 tradunt.
882 1922 985 2002 Hine
1013 1920 1248 2024 praeclaram
1279 1921 1319 1989 in

224 2069 431 2147 Germania
452 2092 565 2174 atque
591 2079 630 2163 iu
654 2075 870 2147 uniuersum
895 2068 999 2173 apud
1022 2085 1176 2143 cunctos
1201 2066 1321 2140 bonae

220 2218 416 2294 doetrinae
439 2224 696 2319 aestimatores
721 2245 860 2325 aequos
884 2236 921 2297 et
942 2221 1085 2320 peritos
1131 2211 1207 2291 sibi
1239 2211 1319 2284 lau·

218 2360 306 2439 dem
348 2372 495 2469 peperit
543 2368 587 2445 O.
633 2366 684 2443 D.
720 2368 991 2455 beccam,
1039 2369 1124 2471 qui,
1156 2342 1352 2461 prolatis‘

220 2511 434 2589 Heracliani
469 2514 677 2618 Galenique
715 2512 842 2603 libris,
883 2520 981 2591 inter
1021 2512 1107 2586 illos
1148 2520 1317 2581 censetur

218 2663 288 2757 qui
321 2660 487 2736 reductis
526 2661 713 2760 peculiari
743 2660 885 2736 saeculi
916 2663 1039 2735 nostri
1056 2658 1250 2761 felicitate
1275 2654 1315 2723 in

218 2804 339 2873 uitam
361 2801 471 2877 libris
494 2819 684 2894 veterum,
730 2830 941 2882 communes
962 2809 1170 2882 extiterunt
1190 2798 1315 2899 philo-

217 2947 393 3047 logorum
413 2947 688 3051 benefactores:
720 2974 796 3023 non
819 2956 942 3025 minus
966 2957 1129 3049 insignis
1143 2950 1315 3022 acumine

218 3096 366 3194 ingenii
387 3090 652 3199 doctrinaeque
672 3100 920 3196 praestantia,
954 3092 1045 3171 dum
1067 3093 1315 3195 depravatam

216 3244 323 3313 unici
345 3238 485 3315 codicis
509 3244 748 3340 scriptionem
767 3238 948 3315 emendat.
982 3240 1078 3315 Eum
1103 3244 1222 3338 igitur
1240 3264 1312 3338 per

214 3360 361 3460 litieras
386 3382 491 3473 aelii,
514 3384 672 3461 simulac
695 3385 744 3463 de
775 3385 932 3461 edendis
963 3382 1179 3461 Reishianis
1208 3393 1312 3499 cogi-

215 3536 391 3607 tationem
406 3556 658 3637 susceperam,
685 3530 798 3637 idque
814 3556 859 3607 eo
874 3535 997 3634 magis
1012 3531 1134 3632 quod,
1155 3550 1311 3635 propter

214 3692 270 3753 tot
293 3701 474 3755 annorum
492 3678 715 3771 absentiam,
744 3705 880 3780 parum
900 3704 1043 3783 gnarus
1066 3688 1308 3759 mutationum

213 3848 313 3927 quae
353 3829 496 3903 interea
530 3824 782 3920 occidissem·
820 3830 945 3902 nescio
984 3824 1169 3929 quomodo
1216 3834 1310 3908 mihi

209 4004 474 4079 persuaseram
513 3983 747 4085 adscriptum
777 4006 860 4060 esse
879 3978 1028 4085 Regiae
1064 3980 1309 4058 bibliothecae

220 4128 261 4199 V
262 4134 359 4205 irum
386 4128 642 4208 clarissimum.
691 4125 901 4231 Respondit
936 4130 998 4207 ille
1022 4132 1176 4205 comiter
1198 4143 1310 4232 etque
