3125 4917
590 362 906 430 rubuariorum
1207 370 1306 429 xxxi

211 514 374 599 plerasque
394 512 518 577 mendas
539 525 570 575 et
591 518 690 598 ipsum
711 514 801 577 illum
819 515 1008 597 antiquitatis
1030 510 1114 575 vellit
1134 520 1225 577 ainos
1243 515 1308 577 red-

210 614 285 677 dere
304 636 369 677 non
395 614 620 693 dubitaverim,
652 616 725 677 satis
752 614 868 675 babens
895 610 1077 674 emendandi
1106 616 1255 675 rationem
1276 620 1308 676 in

210 714 437 777 commentariis
456 714 616 776 indicasse.
659 714 696 775 ln
724 712 902 775 edomanda
921 714 1032 774 Latina
1060 715 1309 796 interpretatione

211 816 282 875 cavi
303 812 430 891 sedatio,
451 822 601 895 quantum
622 822 652 875 et
671 834 728 896 per
747 834 870 892 rerum,
891 832 969 895 quas
988 811 1256 891 Auctoritatem,
1278 824 1310 875 et

210 931 269 993 per
288 912 453 992 dictionis,
478 933 539 995 qna
573 910 627 973 ille
647 914 720 973 satis
740 910 888 992 horrida,
924 931 960 972 er
991 930 1077 973 more
1106 913 1153 973 sui
1182 912 1307 993 saeculi,

209 1011 330 1089 utitur,
345 1012 561 1074 obscuritatem
575 1009 682 1091 licuit,
696 1020 731 1072 ut
745 1029 846 1093 empne
858 1032 879 1071 a
893 1009 1059 1073 verborum
1075 1013 1223 1072 metentis
1240 1012 1307 1073 alri-

208 1128 289 1189 rem,
309 1130 410 1193 neque
432 1112 610 1195 perspicuus
631 1130 732 1172 sermo
754 1110 989 1171 desideraretur.
1016 1111 1054 1169 ln
1075 1110 1308 1174 Commentariis

208 1228 290 1295 curn¹
301 1211 398 1273 verba
416 1214 554 1295 ritusque
573 1221 692 1274 vetem
713 1208 888 1290 illustrare,
909 1219 1059 1293 quantum
1078 1208 1164 1271 valui
1184 1222 1215 1273 ct
1234 1213 1308 1273 sutis

208 1311 268 1388 sit,
290 1310 406 1391 studui,
436 1321 503 1373 tum
530 1308 569 1372 de
587 1311 670 1373 veris
693 1330 817 1394 quoque
841 1309 1089 1372 membranarum
1112 1307 1306 1390 lectionibus,

206 1408 261 1471 ubi
283 1430 361 1492 opus
385 1421 483 1490 esset,
503 1410 673 1494 significare
693 1431 757 1472 non
774 1409 905 1493 neglexi.
947 1410 985 1471 ln
1006 1409 1114 1472 breves
1133 1414 1305 1472 annotatio-

204 1528 262 1569 nes
293 1508 336 1569 el.
367 1510 541 1571 Decessoris
572 1510 648 1570 mihi
678 1519 801 1590 praeter
838 1507 1013 1589 digestionis
1042 1509 1202 1571 arbitrium
1228 1510 1306 1573 nibil

202 1609 357 1689 usogast.
397 1607 483 1685 Ques
505 1606 557 1668 illc
588 1604 688 1667 titulis
714 1605 858 1667 undecim
880 1604 1054 1687 complexus
1080 1608 1112 1667 in
1134 1607 1307 1670 adversaria

202 1724 264 1783 co,
287 1725 352 1788 qno
381 1704 476 1768 libros
509 1724 648 1789 quosque
668 1704 814 1787 legisset,
849 1703 959 1766 onliue
1001 1706 1172 1769 coniecerat
1200 1708 1306 1770 obscr-

203 1806 363 1883 vationes,
392 1824 443 1865 eas
475 1814 510 1864 ut
542 1804 628 1865 locus
655 1806 786 1886 quisque
808 1805 888 1865 ferre
920 1814 1013 1885 atquc
1041 1805 1197 1886 postulare
1219 1807 1307 1869 vidc-

201 1903 316 1982 liatur,
337 1904 380 1965 sic
403 1904 431 1963 ci
449 1901 699 1982 accommodavi,
720 1912 752 1962 et
768 1900 848 1965 telae
873 1922 959 1963 meac
991 1904 1119 1965 intexui.
1163 1906 1306 1983 Quorum

202 2003 365 2065 titulorum
382 2001 473 2081 dnos,
492 2022 601 2082 unum,
623 2004 793 2085 quintum,
820 2023 854 2083 p.
881 2001 922 2064 28
947 2010 1124 2063 nostrornm
1148 2023 1304 2067 commcn-

200 2104 379 2180 tatianam,
401 2100 545 2180 alterum,
574 2110 738 2179 octavum,
762 2120 797 2181 p.
818 2098 861 2183 94
891 2100 1064 2182 speciminis
1089 2122 1196 2164 caussa
1222 2103 1306 2165 cxlii·

199 2201 267 2279 bui,
291 2221 405 2285 equo,
432 2200 557 2282 quidet
577 2198 630 2261 ille
652 2200 684 2259 iu
707 2197 826 2259 schedis
840 2197 1012 2283 reliquerit,
1040 2210 1070 2263 ct
1096 2222 1133 2264 eo
1158 2215 1306 2289 apparatu

199 2301 357 2385 quomodo
380 2322 436 2361 nos
457 2302 502 2361 usi
521 2300 689 2379 fuerimus,
710 2308 840 2361 mustet.

285 2400 336 2460 Ad
357 2400 448 2461 linem
464 2399 535 2462 libri
550 2401 641 2480 primi
661 2401 952 2461 commentariorum
963 2400 1055 2463 telam
1068 2402 1191 2486 abrupi.
1214 2405 1302 2483 Quae

197 2502 419 2561 sesecundum
441 2511 471 2561 et
486 2499 578 2582 primi
598 2498 797 2581 appendicem
818 2499 947 2561 dicenda
969 2514 1132 2589 superant,
1158 2525 1228 2565 eum
1250 2508 1302 2567 in·

196 2598 329 2679 dieilnrs,
349 2600 427 2663 forte
440 2619 565 2682 quoqne
583 2601 729 2681 excerptis
746 2598 892 2660 Chroniei
913 2600 1022 2662 Graeci
1054 2602 1160 2664 inediti
1171 2605 1300 2667 Gronau

198 2699 400 2774 llaninrnm,
417 2696 502 2779 qnod
523 2701 556 2757 in
576 2696 683 2779 Ampl.
700 2696 830 2757 Senatus
845 2698 1009 2779 Lipsiensis
1020 2700 1210 2764 Bibliotheca
1221 2707 1301 2766 inter

199 2795 329 2857 (udices
353 2798 487 2856 Graecos
504 2812 597 2861 manu
618 2806 755 2856 exaratos
782 2774 952 2876 reperitur,
983 2798 1111 2881 dignum
1133 2799 1299 2883 aliquando

196 2895 296 2955 Leoni
315 2892 430 2955 Allatio
449 2894 570 2971 visum,
592 2892 675 2975 quod
696 2895 844 2954 Latinum
865 2893 977 2956 faceret
995 2908 1025 2957 et
1047 2918 1066 2958 a
1094 2918 1125 2959 se
1146 2899 1299 2963 edendum

195 2994 408 3073 promitteret,
435 2992 497 3056 vid.
522 2992 644 3053 Fabiic.
672 2990 752 3055 Bibl.
785 2994 895 3053 Graec.
923 2994 965 3055 T.
981 2996 1039 3057 VI.
1055 3019 1089 3079 p.
1117 2998 1183 3075 154.
1205 3012 1235 3061 et
1259 3003 1297 3070 T.

194 3096 239 3153 Χ.
266 3115 299 3174 p.
320 3091 394 3172 (idi.
415 3112 465 3169 ea,
488 3094 513 3153 si
533 3094 612 3153 tanti
633 3092 831 3170 videbuntur,
858 3094 983 3153 tertium
1003 3094 1147 3158 volumen
1170 3099 1298 3181 implere

192 3203 350 3273 poterunt.
413 3191 465 3252 Ait
503 3202 681 3271 argttmenta
716 3194 874 3273 superiore
909 3193 1099 3273 praelatione
1137 3202 1295 3281 exposita,

192 3312 273 3375 quae
292 3290 502 3352 demonstrant
525 3287 729 3353 Cerimanialc
750 3290 809 3349 hoc
833 3301 901 3373 post
923 3291 1003 3352 illius
1023 3292 1228 3377 Constantini,
1245 3299 1294 3356 eui

193 3388 288 3474 mrlgo
317 3390 413 3451 tribui
441 3387 530 3471 solet,
559 3400 697 3471 tempora
720 3390 878 3450 conditum
907 3389 1011 3472 fnisse,
1041 3392 1104 3456 duo
1129 3394 1204 3453 hacc
1235 3393 1296 3456 alia

193 3490 286 3550 velim
309 3489 400 3566 addi3
431 3510 548 3566 unum,
576 3488 768 3550 Constantini
793 3491 921 3554 senioris
950 3502 1048 3555 aetate
1085 3496 1114 3554 in
1143 3514 1200 3555 nsn
1229 3516 1293 3556 nou

195 3588 286 3649 liriase
309 3588 563 3666 Probe-drotum,
597 3610 690 3672 quam
714 3589 823 3651 titulus
854 3595 962 3672 capitis
984 3590 1082 3649 ultimi
1102 3592 1172 3652 libri
1198 3597 1290 3676 primi

198 3700 368 3767 rnernorat,
390 3688 581 3770 dignitatern,
604 3709 622 3748 a
649 3690 765 3750 loanne
783 3690 934 3751 Tzirniscc
953 3686 1078 3745 deinum
1108 3709 1161 3748 sen
1183 3693 1290 3754 iniven-

195 3798 281 3863 tam,
308 3809 360 3847 sear
381 3800 575 3850 revocatam:
607 3786 751 3863 alterum,
774 3810 808 3868 p.
830 3786 905 3868 575.
933 3784 975 3844 A.
1001 3806 1034 3867 9.
1056 3788 1291 3850 Coirstantinum

200 3886 313 3947 Leonis
340 3884 454 3966 lilium,
474 3879 633 3967 μακάριον
660 3884 827 3967 appellari,
856 3882 940 3963 quod
969 3882 1101 3964 elogium
1128 3906 1189 3946 nou
1210 3888 1289 3950 solet

196 3987 254 4047 nisi
275 3984 340 4045 vita
356 3982 506 4049 donnons
525 3984 633 4047 tribui.
675 3982 767 4061 Vale,
786 3981 895 4060 lector,
914 3992 944 4043 et
958 3982 1065 4044 studiis
1080 3987 1191 4047 nostris
1206 3986 1286 4051 fave.

276 4082 342 4147 Ser.
362 4103 464 4147 mune
478 4084 626 4147 ianuario
648 4081 691 4143 A.
714 4080 752 4143 C.
776 4078 866 4166 1754.

547 4238 912 4254 W
