3125 4917
262 434 414 495 xxxviii
452 418 528 493 ie.
555 432 675 494 uuna.
704 429 852 495 arrcnu
881 428 1174 495 comimrano

263 584 407 645 diuturna
429 594 531 645 tamen
561 606 619 667 pax
642 604 713 645 cum
737 582 873 666 Ilulgaris
898 584 977 660 fuit,
998 582 1068 645 licet
1093 583 1131 645 ad
1155 586 1339 647 Graecorum

264 689 348 728 saera
372 668 535 745 miraculo,
565 678 601 728 ut
628 667 742 745 fertur,
770 671 913 749 pertracti
936 677 1045 727 essent.
1088 668 1164 727 Cum
1193 668 1274 727 enim
1301 670 1341 729 ab

265 770 301 809 eo
321 759 455 828 tempore
475 749 741 830 permutandamm
762 753 907 810 mercium
928 771 1017 810 causa
1039 749 1207 829 frequentes
1224 750 1341 832 Byzan·

265 834 341 889 tium
364 832 499 907 adirent,
521 834 596 892 ortis
618 836 695 893 inter
717 844 898 893 mercatores
920 832 1174 907 contentionibus,
1194 832 1234 891 ad
1256 852 1342 892 arma

266 915 373 972 iterum
398 936 578 975 concursum
600 914 636 993 1),
662 927 691 975 et
712 916 852 990 Simeon,
876 914 1076 997 Balgarorum
1093 936 1164 989 rex,
1186 916 1218 971 in
1239 916 1341 974 Mace-

267 994 355 1054 donia
386 1018 455 1055 cunr
486 998 607 1057 Graecis
638 1018 746 1057 manus
775 1000 943 1073 commisit,
964 1019 1094 1078 quorum
1118 1018 1188 1077 pars
1214 1000 1343 1055 maxima

266 1098 370 1153 caesa,
396 1078 502 1159 reliqui
524 1082 555 1139 iu
576 1080 676 1159 lugam
702 1082 828 1140 coniecti
850 1091 940 1156 sunt,
963 1080 1072 1155 duces,
1095 1079 1232 1139 abscissis
1260 1082 1342 1138 nari-

263 1158 340 1235 bus,
362 1160 518 1221 inhonesta
539 1162 665 1223 vulnera
686 1162 810 1223 domum
833 1162 973 1223 retulere.
1016 1164 1095 1222 llinc
1114 1162 1189 1235 Leo,
1212 1180 1266 1219 suo
1290 1163 1343 1221 mi·

263 1238 308 1300 liti
328 1263 389 1301 non
414 1248 484 1303 satis
504 1246 643 1323 confisus,
665 1246 804 1321 'furcos,
825 1248 884 1323 (sic
906 1258 971 1307 tum
985 1246 1105 1326 Ungari
1129 1242 1343 1319 vocabuntur,)

262 1324 295 1382 iu
317 1346 367 1383 eos
390 1329 572 1404 concitavit,
599 1330 664 1409 qui,
687 1327 765 1387 Isau
789 1339 950 1409 superato,
973 1328 1142 1408 bulgariam
1163 1325 1277 1387 crebris
1301 1327 1343 1384 in·

262 1408 449 1469 cursionibus
472 1422 617 1469 vexarunt
638 1412 674 1484 π).
716 1411 819 1470 Leone
837 1413 992 1486 exstincto,
1014 1432 1084 1471 eum
1107 1410 1228 1469 Simeon
1247 1411 1343 1486 impe-

263 1491 343 1549 rium
376 1512 393 1551 a
430 1493 616 1553 Constantini
646 1493 796 1553 tutoribus
828 1493 1026 1574 negligentius
1049 1493 1133 1571 geri,
1163 1501 1193 1551 et
1221 1501 1344 1550 externa

263 1572 327 1631 sinc
354 1593 426 1632 eura
451 1574 568 1649 baberi,
597 1575 726 1652 videret,
744 1596 848 1635 rursus
869 1577 1013 1656 Byzantio
1035 1596 1104 1633 cum
1127 1573 1238 1635 robore
1259 1592 1343 1632 exer·

263 1655 340 1714 citus
361 1657 531 1735 imminuit,
555 1660 718 1739 castrisque
739 1658 777 1718 ad
803 1656 910 1717 urbem
934 1660 1054 1739 positis,
1075 1656 1136 1717 late
1157 1659 1260 1717 omnia
1281 1664 1344 1713 ter·

264 1753 333 1794 rore
356 1738 529 1818 complevit.
571 1740 737 1821 Praecipue
762 1761 863 1821 regem
887 1738 969 1800 illata
991 1740 1030 1800 ab
1061 1738 1234 1801 Alexandro
1262 1737 1344 1817 Imp.

268 1817 397 1893 iniuria,
420 1833 595 1899 spretaeque
614 1834 811 1897 arroganter,
833 1842 908 1899 quas
929 1822 1102 1895 obtulerat,
1119 1824 1215 1898 -paeis
1238 1818 1345 1877 condi·

263 1900 361 1957 tiones
385 1899 423 1957 ad
452 1902 616 1959 vindictam
642 1900 842 1960 sollicitabant
860 1901 896 1975 ³).
944 1899 973 1961 A
1004 1922 1066 1981 quo
1090 1908 1193 1959 tamen
1220 1896 1346 1957 consilio

264 1983 419 2039 moenium
445 1982 529 2041 urbis
548 1980 696 2057 altitudo,
720 1993 749 2042 ct
772 1979 1020 2063 propugnacula,
1050 1984 1149 2063 ipsum
1175 1978 1346 2039 absterme-

263 2072 356 2137 runt,
378 2074 430 2139 ut,
454 2064 610 2123 obsidione
632 2064 753 2138 soluta,
773 2083 878 2144 pacem
907 2064 1051 2139 Graecis,
1080 2082 1171 2144 quam
1201 2061 1265 2121 sere
1293 2059 1347 2120 de-

265 2156 475 2223 speraverant,
498 2158 604 2225 sponte
632 2144 835 2221 concederet,
864 2154 916 2204 aut
938 2148 1039 2227 potius
1065 2144 1265 2216 venduut).
1311 2142 1348 2202 ln

265 2224 372 2288 itinere
396 2225 577 2301 Thraciam,
597 2248 685 2307 saepe
706 2230 799 2286 armis
822 2226 1003 2307 perculsam,
1024 2228 1165 2304 vastavit,
1187 2236 1217 2287 et
1240 2226 1348 2286 Adria·

334 2425 533 2495 τυγχανούσης
545 2424 693 2495 Ῥωμαίων
710 2440 741 2477 rt
763 2427 811 2477 eat
836 2424 946 2487 αὐτῶν,
964 2421 1033 2494 ἄχρι
1055 2426 1102 2488 τῆς
1119 2425 1269 2492 Δεβελτοῦ,
1288 2425 1348 2492 »lus

333 2497 407 2549 aliter
427 2496 552 2548 autrum
569 2496 694 2564 Ζάγωρα
714 2493 782 2565 παρ’
799 2495 904 2552 αὐτοῖς.
941 2497 996 2547 Rex
1019 2494 1209 2563 bulgarorum,
1238 2513 1349 2549 contere

332 2584 467 2619 merorum
485 2566 701 2619 Christianorum
720 2566 822 2629 lactus,
849 2554 1073 2635 davtvpoertxdc
1090 2565 1209 2633 ἔγγονος
1225 2565 1276 2616 τοῦ
1293 2569 1350 2617 Βα-

332 2639 432 2690 σιλέως
448 2635 547 2702 ἄρχων
570 2638 743 2704 Bovtyuptuc
766 2634 855 2689 dictus
883 2642 931 2690 ert
968 2634 1139 2689 Constantio.
1165 2636 1195 2686 ln
1213 2633 1348 2688 Cerlmoa.

333 2706 419 2757 ¹latae
438 2704 505 2757 CSP.
526 2705 580 2756 tls.
600 2723 625 2774 p.
644 2712 701 2759 228.
728 2724 752 2762 a.

285 2770 311 2841 t)
327 2776 436 2828 Contio.
449 2773 571 2841 Theoph.
583 2775 612 2825 iu
623 2775 714 2826 Leone
723 2792 812 2843 paor.
836 2776 891 2827 Leo
900 2774 1046 2827 (immutet
1056 2776 1144 2844 pm
1153 2774 1271 2827 Annales
1282 2773 1350 2826 rut-

332 2845 408 2902 deus.
417 2844 500 2896 adan.
510 2846 569 2912 895.
581 2844 635 2913 (ap.
644 2842 727 2896 Andr.
737 2844 900 2913 Quercetan.
910 2845 940 2902 T.
950 2844 983 2895 11.
993 2844 1047 2895 Ser.
1060 2847 1185 2913 frenc-p·
1196 2845 1270 2915 ⁵82.)
1289 2846 1347 2900 Pa·

331 2934 387 2967 cem
405 2932 470 2984 erge
481 2918 583 2968 Graeci
593 2914 685 2967 codem
697 2934 772 2967 anno
788 2932 848 2967 cum
857 2917 960 2967 Avaris
968 2914 1030 2986 (qvi
1038 2914 1171 2969 dicuntur
1181 2915 1259 2986 ἴση)
1268 2913 1349 2985 sece-

282 2982 285 2987 ’
331 2996 414 3044 murt,
425 2984 501 3053 quad
516 3001 609 3036 eorum
627 2985 757 3037 concives
777 2986 895 3054 Bulgnri
907 2987 940 3035 t'rt
949 3003 1070 3054 pravum
1082 2997 1238 3046 vertentes,
1254 2984 1351 3038 ltoetr'lt'

322 3052 507 3122 'expeditione
523 3067 622 3105 eontra
638 3072 683 3106 eor
700 3056 895 3123 insurgunt,et
908 3072 1013 3106 omnem
1025 3057 1164 3125 regionem
1173 3056 1294 3115 illorum,
1303 3072 1351 3106 ut-

332 3123 432 3193 quead
445 3135 554 3191 portam
570 3123 911 3191 constantinopolitanam
921 3122 1099 3178 devastando
1109 3128 1303 3197 insequuntur.
1317 3124 1353 3174 Et

331 3194 425 3261 paucis
447 3193 613 3243 interiectis:
636 3194 702 3259 Quis
721 3194 867 3263 gentilium
884 3200 1042 3247 Aviti-orum
1060 3209 1168 3266 etr-eger
1180 3194 1267 3246 tantis
1284 3212 1351 3246 eort-

331 3262 518 3331 gressionr'bnr
536 3260 722 3314 enumerando
732 3265 818 3331 possit
832 3265 990 3333 expauere?
1008 3268 1140 3336 quoniam
1155 3264 1349 3331 Brrl3arorum,

334 3330 373 3379 aci
392 3348 459 3399 quos
482 3335 606 3384 victoria
630 3336 783 3394 coacessit,
802 3352 914 3386 nrrmero
936 3334 1000 3387 XX.
1020 3336 1111 3385 millia
1133 3335 1256 3401 equitum
1268 3350 1351 3386 caera

335 3401 528 3451 inveniuntur.
633 3404 661 3471 α)
680 3403 790 3452 Contin.
810 3401 934 3469 'l'lreoplr¹
953 3408 983 3468 pt
998 3405 1058 3466 234.
1076 3401 1132 3453 Leo
1153 3402 1300 3458 Grammat.
1322 3421 1350 3472 p.

335 3468 394 3535 438.
416 3467 525 3517 Simeon
545 3467 658 3534 Logotli.
677 3472 773 3537 udw-
845 3470 873 3535 3)
892 3470 984 3521 etuti.
1002 3468 1160 3537 buitprand.
1179 3471 1209 3529 L.
1226 3472 1272 3523 ΠΙ.
1292 3488 1313 3521 c.
1325 3490 1352 3539 7.

335 3535 472 3588 Theodos.
497 3534 581 3585 Kiow.
607 3538 634 3587 in
655 3538 753 3588 Cluen.
777 3554 803 3601 p.
825 3552 864 3607 19.
888 3538 923 3590 ad
950 3556 992 3589 en.
1016 3540 1076 3607 9¹4·
1104 3540 1257 3594 Elmacinus
1281 3542 1351 3594 Hiet.

335 3608 424 3659 Sarac.
440 3622 465 3671 p.
491 3608 546 3670 198.
576 3604 650 3658 Obiit
662 3604 836 3668 Alexander,
856 3610 903 3660 cai
927 3609 1352 3671 rucerrsitCenrtuatinur,1.e·

336 3679 399 3726 onis
415 3676 509 3739 (ilius,
530 3678 566 3728 13.
585 3694 816 3745 artnorumpuer.
853 3679 932 3729 Misit
948 3679 1129 3744 rtutgurorum
1150 3680 1208 3734 liert
1222 3678 1262 3732 ed
1277 3679 1351 3728 eon-

334 3748 486 3796 etantinum
501 3744 713 3814 Imperatorem,
729 3760 759 3797 ut
771 3763 892 3798 sororem
904 3766 980 3798 sitam
998 3747 1177 3819 desponderet
1196 3752 1256 3801 eius
1270 3744 1354 3817 filio:

335 3810 412 3883 quod
429 3829 486 3863 eum
508 3816 703 3876 recusavisset,
720 3816 832 3885 praelia
849 3818 936 3869 multa
952 3822 1092 3870 commissa
1110 3832 1174 3871 runt
1193 3815 1352 3867 allemanie

336 3892 363 3933 et
382 3882 517 3947 Brrlgarie.
540 3885 637 3935 Videas
657 3886 708 3937 lior
725 3886 877 3948 r't't‘eoluur,
902 3900 985 3941 autor
998 3890 1071 3956 fuit,
1089 3901 1121 3940 ut
1144 3888 1282 3937 Romanus
1297 3886 1352 3936 lm-

333 3963 451 4019 perator
469 3951 564 4014 fieret,
584 3956 633 4024 qui
651 3956 834 4023 ratgar-orum
853 3960 914 4021 reu·
926 3948 1059 4030 filiarum
1076 3958 1193 4007 alteram
1218 3951 1294 4007 dedit
1317 3971 1351 4005 u-

334 4037 439 4071 xorem.
476 4019 551 4087 Quae
574 4022 607 4071 de
626 4040 705 4076 causa
724 4025 792 4076 belli
818 4027 917 4087 tradit,
943 4043 959 4075 a
984 4043 1048 4076 vcro
1075 4024 1164 4074 aliena
1185 4030 1261 4075 runt:
1279 4032 1351 4076 errat

335 4097 496 4155 praeterea,
518 4090 583 4138 dum
609 4092 674 4143 liare
705 4110 776 4146 anuo
796 4094 861 4162 ltcg.
880 4098 950 4165 3⁰9·
970 4111 1049 4144 acrae
1065 4092 1183 4158 vulgaris
1202 4094 1259 4161 9³²·
1277 4094 1349 4145 teci-

336 4156 425 4277 ἑΙΙίὶεεε,
435 4157 546 4279 peribit.
617 4163 644 4231 4)
663 4162 769 4216 Contiu.
790 4164 913 4234 Theoph.
932 4181 958 4233 p.
970 4166 1031 4232 475.
1050 4160 1184 4215 Theodor.
1204 4163 1286 4216 Κίον.
1315 4162 1350 4217 ad

373 4244 429 4295 ·9¹
452 4264 458 4278 .
