3125 4917
248 399 339 505 436
463 423 732 494 consanum
762 417 1124 486 rourrnnoorurn

101 579 346 658 Μαιδηλιπολλά
368 581 413 668 τῷ
435 569 518 668 όχλιγ
540 581 597 644 καί
615 575 672 642 τόν
689 573 743 642 drri
760 576 857 656 λιμοῦ
871 571 1020 652 θάνατον,
1041 566 1098 634 καῖ
1112 566 1269 641 λππεάσας
1281 569 1338 630 καῖ

101 678 384 746 Εό.ι.οο3όιελθὼν
403 674 457 741 διά
481 679 540 741 τοῦ
558 679 665 757 μιλίοο
685 681 749 750 τοῖς
770 667 951 757 άρτοποιοῖς
970 666 1191 754 παρήγγειλεν,
1218 658 1336 749 άρτοος

245 777 325 861 μήτε
342 783 463 856 ποιεῖν,
491 776 571 859 μήτε
588 776 634 849 εἷς
648 767 766 855 ἇγοράν
781 772 1001 854 προτίθεσθαι.
1039 761 1181 831 α’νελθιόν
1195 764 1232 827 δὲ
1243 765 1278 826 ἐν
1291 763 1335 849 τῷ

246 872 387 962 παλατίιρ
405 877 460 938 καί
478 870 552 948 τούς
566 873 682 946 παῖδας
697 871 871 949 ‘Ponant
886 871 945 931 rori
960 867 1113 949 βασιλέως
1125 866 1200 944 μεθ’
1217 857 1336 926 ἑαυτοῦ

246 972 364 1054 λαβών,
385 969 438 1036 διά
455 973 517 1036 τοῖν
537 963 601 1034 duas
618 969 808 1049 όιοιβατικαῖν
828 970 983 1049 κατῆλθεν
1003 967 1037 1030 όν
1056 965 1094 1048 τῇ
1109 961 1252 1048 ε’κκλησιζι
1265 956 1357 1047 αἳρηιὸ

247 1069 389 1154 όρίατοο,
408 1067 453 1152 μη
471 1061 557 1144 ὄντος
574 1070 630 1131 τοῦ
651 1070 734 1131 λαοῦ
754 1068 789 1130 ἐν
807 1068 845 1152 τῇ
863 1065 1019 1152 ἑκκλησιζι,
1039 1059 1095 1125 καί
1113 1059 1339 1143 παρακαλέσας

247 1166 304 1232 τόν
322 1164 494 1253 μάγιστρον
514 1160 589 1251 ἦρεν
609 1169 665 1250 τῆς
685 1165 865 1248 ἐκκλησίας,
894 1167 950 1228 καί
969 1163 1152 1227 άπέστειλεν
1171 1161 1207 1224 ἐν
1223 1161 1267 1244 rqi
1288 1154 1338 1220 οἴ-

247 1289 292 1354 κιρ
313 1265 436 1328 edred.
476 1269 533 1330 sori
558 1267 595 1330 di
627 1265 705 1327 λαοῦ
734 1260 771 1325 τό
795 1259 930 1326 δειλινόν
949 1259 1096 1333 ἐλθόντος
1116 1259 1150 1321 όν
1168 1257 1209 1342 τῇ
1227 1257 1338 1338 ἐκκλη-

246 1365 301 1451 σίρ
333 1361 388 1426 καί
405 1360 459 1427 τόν
477 1361 651 1448 μάγιστρον
670 1359 714 1445 μη
736 1356 901 1444 εάρόντων,
923 1362 1144 1443 ταραχθέντες,
1163 1354 1338 1437 μᾶλλονδὲ

247 1457 395 1540 μανέντες
402 1470 420 1539 ,’
441 1453 566 1541 άτίμοις
586 1469 704 1547 φωναῖς
726 1460 805 1546 πρός
825 1456 880 1524 τόν
899 1457 1098 1541 πατριάρχην
1118 1454 1172 1519 καί
1188 1451 1223 1518 τό
1246 1453 1376 1534 ispa-ro

247 1559 501 1642 εεῖονάχροῖντο,
523 1557 566 1636 ὥς
586 1555 636 1623 ότι
657 1565 733 1644 παρ’
754 1553 861 1623 adron
882 1555 1051 1641 προεδόθη,
1073 1556 1128 1618 κατ’
1149 1551 1282 1616 λιθάσαι
1300 1551 1336 1612 ἒ-

222 1653 415 1738 Βνιεχείρονν
435 1656 507 1732 τούς
528 1660 586 1722 τοῦ
615 1659 749 1742 κληροο.
792 1651 809 1716 ό
831 1657 868 1720 di
895 1653 1095 1740 πατριάρχης
1114 1650 1336 1735 ἐόηλοποιησεν

246 1751 302 1818 τόν
320 1751 503 1838 μάγιστρον,
525 1757 630 1820 ε’λθεῖν
650 1759 685 1820 ὲν
706 1756 744 1841 τῇ
765 1753 911 1839 ε’·κκλησίρ
931 1751 986 1814 καί
1004 1751 1182 1833 είρηνεῦσαι
1198 1744 1255 1810 τόν
1277 1750 1337 1809 λα-

247 1849 301 1916 όν.
345 1850 365 1912 ό
393 1855 429 1916 δὲ
456 1854 676 1936 ἐόηλοποιησεν
706 1854 801 1914 τοῦτο
832 1847 888 1915 τόν
914 1846 1218 1934 παρακοιμολμενον·
1259 1840 1337 1906 ὅδὲ

247 1948 305 2012 οὐκ
326 1951 498 2030 ἐπέτρεψεν
517 1951 617 2014 τοῦτο.
658 1947 751 2032 γνοός
770 1951 808 2011 di
826 1951 920 2011 τοῦτο
940 1947 957 2008 ό
979 1943 1074 2024 λαός,
1095 1943 1197 2029 ζηλιρ,
1227 1934 1378 2015 dcet-15

246 2069 365 2126 πωμεν,
385 2048 463 2134 θείῳ
485 2043 664 2131 φερόμενοι,
687 2045 717 2108 oi
735 2048 797 2125 μὲν
817 2040 897 2128 πρός
916 2042 971 2106 τόν
992 2037 1076 2106 οίκον
1096 2043 1153 2104 τοῦ
1173 2036 1339 2126 πανεοφῆ-
1544 2045 1546 2094 i

245 2167 309 2225 μου
330 2143 504 2228 μαγίοτροο
528 2139 661 2206 άπίεοαν
683 2144 823 2228 φυλάξαι
844 2145 957 2205 τοῦτον
976 2141 1257 2220 ἀνεπιβούλευτον·
1304 2136 1338 2200 οῖ

249 2245 284 2305 d'i'
308 2244 432 2317 πλειόος
453 2243 486 2304 ἐν
513 2245 550 2328 τῇ
571 2240 716 2328 ἐκκλησία
737 2241 1015 2319 ἐναπομειναντες,
1048 2236 1150 2327 πάντα
1181 2233 1219 2299 τά
1239 2235 1275 2300 ἓν
1294 2237 1337 2322 τῇ

248 2337 394 2427 ἐκκλησίην
414 2340 449 2403 ἐκ
470 2341 570 2417 ξύλων
591 2336 687 2422 σκεόη
709 2333 791 2402 όπλα
811 2333 1033 2424 χρησάμενοι,
1054 2338 1187 2420 ἐξῆλθον
1207 2337 1265 2417 τῆς
1283 2335 1337 2397 ε’κ-

248 2439 395 2520 κλησίας,
426 2434 563 2512 καὶτοῖς
583 2430 790 2522 άνταίροοσιν
810 2437 1077 2521 προσβάλλοντες,
1097 2432 1376 2518 παρατεταγμέ-αο

247 2557 312 2612 νοις
333 2527 422 2600 οὖσιν
442 2537 476 2599 ἐν
497 2529 603 2609 ὅπλοις
623 2533 811 2600 Μακεδόσιν
830 2536 886 2598 καί
906 2531 1119 2616 αἰχμαλώτοις
1146 2533 1209 2596 τῶν
1234 2525 1335 2613 Ἀγά·

248 2717 457 2788 colloquebatur
475 2717 516 2769 ibi
535 2733 596 2769 curn
615 2717 677 2787 ipso
696 2723 724 2770 et
748 2717 873 2781 clericis,
898 2717 1083 2770 descendebat
1100 2733 1208 2778 rursus,
1233 2716 1336 2768 multa·

248 2805 302 2860 quo
320 2789 380 2840 dira
399 2787 627 2840 interminabatur
645 2787 747 2858 populo
772 2785 862 2859 [apud
880 2790 1023 2840 ecclesiam
1041 2790 1141 2850 stanti,
1168 2789 1190 2838 si
1210 2793 1336 2856 pergeret

247 2858 363 2911 bardam
390 2857 493 2930 tueri,}
530 2865 558 2909 et
578 2859 654 2910 inter
669 2859 722 2908 alia
745 2874 868 2910 aunon-re
894 2859 1120 2927 interceptionem
1139 2858 1336 2925 exitialcmquc

246 2929 355 2982 famem.
391 2927 472 2978 Extra
499 2929 595 2996 templi
617 2927 749 2979 ambitum
777 2929 901 2980 inscenso
920 2946 1007 2999 equo,
1039 2927 1149 2989 abibat,
1172 2928 1337 3045 miliumque

247 3015 297 3051 seu
324 2996 482 3054 milliarium
508 2997 666 3059 traiieienr,
691 2997 740 3049 ubi
763 2997 851 3048 soruru
878 3006 937 3050 erat
959 3001 1121 3066 pistorium,
1149 2996 1286 3050 interdico
1307 3001 1338 3047 at

245 3066 398 3141 pistoribur
418 3067 493 3117 oanni
520 3067 648 3135 panificio
668 3074 695 3118 et
720 3069 892 3136 expositione
920 3069 1056 3120 vendendi
1075 3070 1161 3136 pranis·
1200 3068 1272 3117 Dein
1289 3080 1337 3116 re·

247 3154 352 3208 gressus
379 3137 407 3187 in
431 3136 579 3203 palatium,
607 3139 788 3206 assumtisque
813 3155 905 3188 secum
926 3139 989 3188 tiliis
1009 3139 1120 3190 lioruani
1148 3138 1257 3204 Impen,
1284 3132 1336 3184 de·

246 3205 395 3259 scendubut
419 3221 466 3272 per
492 3205 631 3273 superiora
657 3204 794 3258 diabatica
811 3223 858 3258 seu
884 3209 1005 3276 porticus
1036 3209 1065 3259 in
1094 3209 1238 3258 eeclesiam
1266 3205 1337 3254 circa

246 3275 405 3336 meridiem,
426 3285 563 3344 tempore,
582 3293 635 3344 quo
654 3275 823 3344 prandetur,
841 3276 965 3347 adeoque
983 3295 1064 3329 uerno
1087 3279 1161 3328 intus
1180 3282 1254 3337 crat5
1272 3272 1339 3324 bor-

246 3346 454 3414 tationiburque
480 3353 508 3397 ot
529 3345 667 3415 promissis
697 3347 844 3416 pellectum
869 3346 1031 3398 extrahebat
1056 3364 1090 3396 εκ
1113 3345 1226 3420 ecelqsia
1253 3341 1339 3411 uragi-

247 3425 351 3476 strum‚
378 3423 459 3484 atque
478 3415 506 3465 in
527 3431 602 3466 sunm
634 3413 791 3486 {magistri}
814 3415 924 3468 domum
942 3415 1110 3471 remittebat,
1144 3415 1262 3483 Populus
1280 3415 1337 3465 ita-

248 3502 303 3556 que
319 3500 430 3553 vespere
450 3483 484 3536 nd
513 3485 655 3536 ecclesiam
676 3484 785 3536 rediens
803 3491 833 3534 ct
849 3485 1004 3552 magistrum
1022 3502 1078 3536 non
1103 3485 1260 3546 inveniens,
1287 3499 1337 3535 cx-

250 3556 364 3606 sternsti
384 3562 432 3604 aut
448 3554 541 3621 potius
566 3555 665 3621 perciti
685 3554 792 3612 sordre,
820 3551 958 3620 probrosi·
982 3553 1071 3605 verbir
1096 3552 1270 3606 lacessebant
1286 3570 1336 3622 pr-

249 3621 396 3676 triarclranr
415 3630 444 3672 et
464 3619 587 3672 ordinem
606 3638 714 3672 uruncrn
732 3619 944 3686 sacerdotalem,
970 3630 1000 3673 nt
1018 3624 1066 3692 qui
1084 3625 1238 3694 supplicem
1255 3638 1337 3674 suun

245 3691 438 3762 prodiderint,
466 3698 495 3741 et
513 3692 566 3740 iarn
593 3691 775 3742 instituebant
798 3691 955 3744 clericorum
976 3693 1083 3765 aliquos
1101 3698 1171 3746 saxis
1191 3696 1336 3762 impetere.

247 3759 400 3814 Patriarclra
420 3762 503 3829 igitur
519 3759 690 3826 significabat
709 3761 851 3830 magistro,
868 3762 1032 3814 veniendum
1051 3763 1103 3833 ipsi
1122 3781 1181 3816 esse
1200 3765 1231 3814 ln
1248 3761 1336 3815 cocic-

248 3833 316 3884 siarn
335 3830 522 3901 populumque
541 3846 589 3880 rua
609 3831 761 3898 praesentia
784 3831 952 3899 placandum.
988 3831 1117 3902 Magister
1144 3835 1206 3885 eius
1224 3832 1266 3883 rei
1282 3849 1337 3884 no-

249 3902 340 3954 titiam
367 3898 518 3951 accubituri
547 3898 632 3952 dabre
657 3901 766 3951 veniam
783 3917 883 3969 rogans.
920 3902 1052 3960 llleuero
1070 3920 1126 3956 noa
1144 3899 1255 3954 rincbst
1273 3917 1335 3956 tun

248 3969 336 4021 abire.
373 3967 436 4034 Quo
455 3970 573 4036 cognito,
610 3970 708 4037 opulus
728 3969 836 4033 divino,
861 3977 894 4024 ut
911 3970 993 4024 morlo
1011 3971 1185 4034 dicebamur,
1206 3971 1268 4025 zelo
1284 3973 1336 4024 ab·

247 4038 335 4100 latus,
359 4053 421 4104 porr
440 4034 476 4087 ad
493 4036 573 4088 aedos
591 3986 771 4092 laudatissimi
789 4041 909 4106 magistri
927 4040 1060 4105 abibunt,
1084 4059 1101 4092 rs
1118 4043 1201 4092 noxis
1218 4050 1249 4093 ct
1264 4045 1333 4096 insi·

247 4107 301 4162 diis
320 4123 382 4158 curn
401 4106 517 4170 tuituri;
534 4107 644 4175 plurimi
663 4116 769 4172 autern,
788 4113 938 4179 correptis,
955 4119 1093 4182 quotquot
1110 4110 1140 4160 in
1158 4111 1272 4164 ecclesis
1290 4129 1334 4166 rc·

246 4177 414 4248 periebant,
441 4174 613 4242 lignamentir
639 4185 666 4227 ct
683 4181 713 4228 in
738 4195 873 4230 srmorunr
890 4197 969 4231 urum
993 4179 1145 4241 conversis,
1167 4181 1334 4236 invadebant

247 4245 387 4304 adversam
403 4253 526 4315 partem,
545 4261 616 4316 quae
636 4253 738 4297 armata
757 4249 787 4300 in
805 4249 864 4300 acie
880 4247 1028 4312 adstabat,
1061 4248 1224 4305 Macedones
1241 4253 1333 4324 capti·
