3125 4917
600 366 916 436 rasarauours.
1013 318 1016 323 ¹
1136 397 1142 406 -
1210 368 1295 430 sur

207 522 462 611 quinquagesimi,
479 525 566 585 cuius
584 522 741 604 inscriptio
770 531 816 581 est
844 519 884 581 de
905 517 1016 580 indolis
1034 517 1186 602 probitate
1206 530 1324 605 atque·

208 630 382 710 pravitate,
419 644 473 686 seu
502 624 541 684 de
566 613 731 683 'virttrtibus
756 631 788 681 et
814 621 922 698 vitiis,
952 618 1122 701 panicula,
1151 618 1297 682 beneficio

211 726 363 788 Parasscu
384 726 416 785 et
437 724 567 784 Henetus
587 722 725 783 Vssrsu.
760 717 890 801 ‘Reliqui
907 729 954 779 tot
968 738 1096 780 numero
1113 718 1194 805 tituli
1210 740 1298 803 gran-

210 826 284 904 dis,
313 824 368 887 sed
392 833 424 885 et
453 821 625 898 utilissimi,
647 819 757 902 operta
776 817 945 880 creduntur
965 820 1082 879 iactura
1108 818 1300 900 irreparabili

211 926 349 1007 periisse.
392 921 477 1001 Quid
500 922 616 982 sivero
636 917 819 980 contendam
838 938 889 978 me
911 937 982 979 cruu
1004 917 1085 997 hoc,
1108 918 1192 1001 quod
1217 938 1301 1006 nuuc

212 1022 287 1102 edo,
308 1022 465 1084 volumine
488 1022 623 1103 primum
647 1017 762 1080 laudati
782 1020 883 1100 operis
908 1015 1056 1095 titulum,
1071 1007 1109 1077 ¹si
1134 1033 1200 1078 non·
1221 1021 1302 1080 inte·

210 1140 325 1203 grum,
351 1132 384 1182 at
413 1113 514 1180 saltim
541 1138 684 1200 maguam
713 1118 780 1179 eius
807 1126 927 1199 partem
955 1118 988 1177 in
1012 1136 1121 1178 munus
1141 1116 1303 1179 doctorum

209 1218 369 1280 hominum
398 1217 550 1279 tradcrc'l
576 1218 651 1301 Egit
670 1216 722 1279 ille
746 1216 822 1278 olim
848 1211 925 1298 aspi
944 1213 1103 1294 βασιλέων
1129 1209 1304 1298 dsoyopssi·

210 1320 315 1397 σεως,
344 1315 385 1403 dc
404 1317 644 1401 Imperatorum
664 1334 833 1399 regumque
855 1315 1110 1392 renuntiatione,
1138 1327 1174 1376 ut
1194 1336 1211 1375 e
1236 1316 1302 1377 Fa·

211 1422 301 1477 asrcn
321 1416 403 1479 siet.
431 1414 548 1477 Graec.
570 1414 739 1476 Tom.V1.
771 1432 850 1496 pag.
872 1412 933 1497 492
955 1400 1104 1474 consuu'
1127 1413 1224 1496 Atqui
1244 1429 1303 1477 to·

212 1512 335 1575 luminis
353 1514 446 1575 huius
459 1513 653 1596 capita.XCl
677 1524 708 1575 et
731 1512 910 1597 sequeutia,
932 1531 952 1573 a
972 1531 1040 1595 pag.
1059 1510 1123 1574 258
1145 1514 1305 1597 usquead
1442 1564 1444 1569 .

214 1634 284 1697 pag.
293 1612 349 1674 251
370 1634 434 1675 non
450 1624 571 1673 tanturn
584 1615 617 1673 in
629 1611 995 1674 universumoeaimouias
1006 1608 1150 1673 distincte
1168 1613 1306 1694 tradunt,

214 1712 328 1793 quibua
350 1715 448 1794 prima
477 1711 595 1773 CPleoa
618 1722 717 1773 acute
737 1712 939 1793 imperatores
964 1707 1009 1769 ibt
1030 1707 1168 1772 solebant
1185 1712 1433 1780 nuncu-Edant?

216 1813 306 1894 pari,
332 1811 490 1872 s'edetin
514 1811 613 1893 qsecie
634 1810 746 1873 Leonis
768 1810 889 1893 magni,
910 1808 1191 1897 Leonismiuoris,
1220 1810 1307 1873 Ana·

216 1911 302 1972 susti
321 1910 450 1987 Dicori,
472 1910 582 1971 lustini
601 1911 730 1971 senioris
749 1920 781 1971 et
796 1908 957 1971 Iustiniani
977 1910 1080 1991 magni
1102 1910 1309 1973 renunciatio·

211 2026 267 2070 nes
291 2018 356 2070 tam
369 2006 540 2071 luculenter
558 2019 775 2092 exaequantur,
796 2017 833 2070 nt
851 2004 930 2069 nihil
950 2004 1115 2069 desiderari
1135 2020 1240 2092 queat,
1259 2004 1310 2072 lu·

212 2128 341 2191 oemque
360 2106 550 2191 praeclaram
568 2106 614 2169 illi
633 2106 830 2171 historiarum
851 2108 931 2191 parti
951 2104 1227 2192 mammo
1239 2110 1310 2193 quiq

211 2206 285 2269 dem
314 2228 378 2269 nou
400 2207 513 2286 orado,
542 2228 672 2291 usquam
696 2209 894 2290 antiquorum
918 2216 1185 2268 monumentorum
1207 2207 1310 2269 locum

213 2316 357 2387 enatare,
399 2308 453 2388 qui
485 2308 562 2368 ritus
601 2306 879 2389 nuncupandomm
911 2304 1122 2388 Augustorum
1146 2348 1157 2384 ,
1190 2317 1310 2368 rueres

213 2424 324 2485 nempe
360 2402 429 2464 illos
463 2424 607 2487 ruet-eque
635 2406 813 2483 Romanos,
842 2421 938 2486 aeque
967 2401 1125 2486 splendide
1152 2416 1307 2493 apparat,-

213 2512 306 2585 atque
329 2501 478 2586 particula
500 2506 596 2566 nostri
620 2505 741 2586 operis,
763 2502 803 2563 de
823 2522 886 2585 qua
907 2500 984 2562 mibi
1014 2520 1115 2563 suma
1138 2524 1220 2565 nunc
1248 2514 1307 2567 est.

215 2600 439 2685 Antiquitatum
470 2604 536 2664 eius
565 2606 682 2686 spirant
709 2604 846 2680 omnia,
876 2602 1028 2661 orationes
1059 2599 1099 2660 ad
1128 2602 1312 2668 ursuimos
1379 2654 1381 2657 a

215 2702 385 2780 exer-cittis,
414 2702 613 2786 Augustatioa
639 2704 813 2785 promissa,
841 2699 974 2761 rnilitum
1010 2708 1115 2782 atque·
1125 2701 1311 2784 populorum

217 2798 459 2863 acclamationes.
503 2802 591 2879 Quae
607 2802 661 2881 qui
681 2821 752 2861 cum
779 2799 978 2881 scriptoribus
997 2794 1142 2861 historiae
1163 2814 1310 2886 augustae

215 2897 309 2982 vulgo
335 2901 379 2959 sic
406 2897 496 2961 dietis
521 2908 696 2980 comparet,
723 2918 788 2959 uon
813 2898 926 2979 poterit
952 2898 980 2988 is·
1006 2894 1122 2981 absque
1140 2900 1309 2985 *voluptate

215 2998 380 3081 imaginem
412 3002 525 3061 vetans
556 2999 672 3061 llomae
702 2999 735 3059 iu
771 3016 853 3057 nora
880 2994 1089 3078 contemplari.
1132 2994 1309 3083 'Quidquid

214 3097 339 3160 taudem
364 3097 456 3160 bresit
477 3098 516 3160 de
537 3100 711 3160 coniectura
737 3117 832 3175 mea,
854 3098 918 3157 sive
941 3094 1091 3178 particula
1109 3118 1167 3177 ea,
1187 3098 1226 3161 de
1246 3110 1309 3184 qua

215 3194 347 3281 loquor,
367 3196 443 3258 olim
461 3198 501 3258 ad
521 3198 646 3260 titulum
665 3200 801 3281 primum
824 3197 954 3279 ingentis
981 3194 1064 3257 illius
1087 3208 1119 3259 et
1140 3196 1309 3265 celebratae

215 3295 440 3374 Bibliothecae,
461 3306 496 3358 ut
523 3299 566 3359 ita
589 3297 711 3376 dicam,
733 3296 1021 3376 Constantinianus,
1047 3304 1123 3377 aut,
1155 3298 1308 3375 siruella,
1405 3284 1409 3289 ’

214 3394 522 3483 Penteooutateuchi,
547 3396 752 3479 pertinuerit,
773 3397 839 3457 sive
861 3398 987 3475 minus;
1016 3415 1074 3479 eqo
1094 3396 1219 3477 quidem
1243 3418 1308 3460 non

216 3492 345 3575 dubito,
366 3514 435 3556 earu
459 3493 633 3577 decerptam
653 3492 745 3555 irrisae
765 3512 801 3553 ax
819 3492 880 3553 alio
901 3492 1036 3574 quodam
1058 3504 1179 3557 vetusto
1197 3498 1308 3581 insigni

217 3590 321 3671 libro,
354 3596 442 3655 cuius
469 3596 617 3660 iacturam
640 3592 767 3655 studiosi
788 3594 985 3676 antiqrrarum
1007 3599 1113 3655 rerum
1143 3599 1311 3680 aegerrimo

217 3690 345 3770 ferunt3
365 3690 480 3754 scilicet
507 3712 543 3755 er
567 3692 653 3754 Petri
678 3692 846 3774 Magistri,
875 3692 935 3751 viri
962 3689 1176 3771 illustrissimi,
1204 3713 1309 3757 nero·

217 3810 290 3853 rum
313 3786 483 3852 officiorum
513 3792 595 3875 apud
625 3791 828 3854 lastinianum
855 3792 1002 3873 Magnum
1024 3790 1182 3875 magistri,
1211 3804 1244 3856 et
1268 3792 1310 3857 ad

218 3888 393 3951 Gotbonuu
415 3892 449 3951 in
475 3888 564 3951 ltalia
583 3910 687 3976 suges,
707 3900 738 3951 et
761 3889 802 3951 ad
826 3889 976 3951 Cosroem'
995 3889 1160 3976 Peraanrm
1185 3910 1309 3978 quoque

218 3980 361 4073 deinceps
390 3987 500 4073 legati,
530 3988 640 4071 libna,
672 4010 749 4073 quos
774 3988 885 4050 Suidas
912 3987 1014 4049 laudat
1042 3990 1118 4072 napi
1145 3992 1310 4074 ζπολιτὶκῆς

219 4079 466 4168 καταπόσεως,
494 4088 535 4151 ds
558 4091 780 4152 contutatione
800 4088 905 4149 ciuilis
917 4086 1162 4167 phonascus.
1181 4090 1308 4174 Saepius

220 4182 281 4243 tiri
300 4189 440 4251 meminit
460 4186 650 4267 Psocorrus,
670 4189 810 4250 meminit
822 4207 944 4270 quoque
963 4186 1173 4254 Casuoao'sus.
1199 4190 1309 4255 Nessus

258 4308 460 4365 &mundum
474 4307 608 4381 Porplfl.
630 4308 688 4363 Vol-
704 4308 727 4362 Ι.
1134 4310 1178 4355 11
