3125 4917
296 432 350 495 DE
379 426 475 493 VlTA
503 430 555 491 ET
588 430 716 492 amus
745 428 882 491 GFS'NS
905 426 1186 491 CONSTANTlNl.
1232 426 1328 491 XLlll

246 586 339 649 archa
367 586 517 647 Thomsm
548 585 749 658 sacerdotem,
779 587 831 667 qui
860 605 911 645 eos
945 588 1007 645 ritu
1030 588 1155 667 antiquo
1183 582 1222 644 ad
1242 605 1326 644 eram

247 670 435 746 deduxerat,
458 667 525 729 loco
546 670 668 743 movit,
689 668 907 749 Imperatorem
929 669 1020 727 sacris
1041 668 1221 750 prohibuit,
1242 668 1326 727 Zoiin

243 756 336 813 nimis
357 772 485 832 aspere,
504 762 649 833 tanquam
673 749 829 830 pellicem,
859 753 1000 811 tractavit
1018 751 1054 827 ¹).
1098 751 1134 809 ld
1166 750 1229 809 Leo
1256 770 1329 829 gra··

241 836 365 894 vissimc
393 832 507 908 serens,
532 854 602 893 cum
621 852 676 891 neo
696 834 796 907 minis,
816 854 872 892 nec
891 832 1056 908 blanditiis,
1076 844 1112 892 ut
1131 831 1325 891 interdictum

245 915 468 985 dissolveretur,
489 918 679 994 impetraret,
701 914 860 975 Nicolaum
880 936 1006 976 munere
1025 918 1058 973 in
1071 925 1250 996 perpensum
1259 916 1325 995 pri·

241 999 327 1065 aravit
346 1000 388 1076 ²);
409 996 533 1057 suffecto
554 996 731 1079 Euthymio,
752 999 806 1078 qui
826 1008 861 1055 ut
881 996 956 1059 lenis
978 1009 1009 1057 et
1024 997 1119 1058 facilis
1134 994 1234 1055 indole
1248 1006 1323 1072 erat,

241 1078 457 1161 Imperatorem
484 1078 522 1138 ad
551 1099 634 1137 saera
662 1078 783 1139 admisit
809 1078 949 1158 quidem,
977 1080 1030 1141 scd
1060 1079 1142 1161 legi,
1172 1079 1323 1159 quamde

240 1166 356 1243 quartis
365 1162 476 1241 nuptiis
488 1159 601 1220 laturus
616 1172 690 1236 erat,
712 1163 879 1220 intercessit
890 1162 924 1238 ³).
955 1164 1038 1222 lnter
1054 1162 1128 1223 haec
1142 1182 1161 1219 a
1183 1161 1325 1241 pontifice

240 1244 388 1318 Romano,
410 1243 524 1323 Sergio,
546 1242 636 1321 legati
652 1233 781 1303 venere:
794 1246 848 1325 qui
862 1241 1028 1324 legitimum
1039 1256 1199 1325 ratumque
1218 1245 1325 1303 coniu-

240 1328 323 1409 gium
344 1337 543 1400 censuerunt,
564 1324 739 1401 Nicolaum,
761 1337 798 1385 ut
819 1324 930 1386 Photio
955 1325 1116 1402 faventem,
1139 1327 1248 1385 aeriter
1274 1330 1323 1385 in-

239 1408 360 1485 sectati,
390 1427 408 1467 a
435 1428 496 1489 qua
522 1414 690 1487 suspicione
718 1406 866 1489 epistola,
894 1428 973 1490 quae
999 1408 1090 1466 hodie
1111 1419 1264 1487 superest,
1291 1429 1324 1467 se

240 1491 380 1569 purgavit
399 1491 437 1565 ⁴).
481 1490 546 1549 Nec
570 1493 611 1549 ita
634 1501 735 1549 tamen
763 1491 856 1550 animi
884 1492 916 1550 iu
943 1492 1101 1572 pristinam
1132 1489 1324 1549 concordiam

238 1572 376 1632 redacti=
398 1574 473 1653 quin
495 1573 596 1653 potius
615 1571 666 1632 alii
688 1592 723 1633 ex
743 1593 830 1633 sacro
851 1573 958 1632 ordine
979 1572 1167 1655 Euthymio,
1195 1569 1245 1631 alii
1266 1570 1323 1629 Ni-

238 1652 323 1715 colso
349 1654 479 1740 addicti,
507 1674 616 1735 magna
637 1654 707 1715 odia
736 1676 807 1716 cum
833 1654 1040 1715 crudelissimo
1065 1654 1188 1715 dissidio
1217 1672 1324 1712 conce-

237 1756 309 1818 pere
328 1737 363 1811 ⁵).
406 1737 563 1799 Exstincto
590 1736 681 1818 paulo
701 1749 770 1818 post
790 1739 917 1814 Leone,
938 1732 1130 1812 Alexander,
1153 1734 1241 1817 pulso
1265 1734 1326 1794 Eu·

238 1818 373 1900 thymio,
401 1830 431 1879 et
455 1820 627 1897 ignominiis
648 1819 788 1880 omnibus
820 1823 976 1902 appetito,
1000 1818 1160 1878 Nicolaum
1181 1819 1327 1901 pristinae

237 1900 392 1981 dignitati,
421 1901 503 1961 unde
533 1898 665 1962 deiectus
690 1911 781 1981 erat,
809 1906 941 1962 restituit
961 1901 1016 1979 ⁶).¹
1042 1900 1227 1984 Euthymius
1256 1920 1327 1959 mox

237 1982 299 2046 sato
323 1985 355 2044 in
370 1982 459 2043 exilio
482 1984 602 2045 limatus
623 1994 679 2045 est.
724 1985 752 2045 ls
776 1996 843 2045 tum
857 1986 1079 2067 pugnacissime
1099 2005 1190 2045 suam
1212 1992 1327 2045 senten·

274 2164 744 2306 ''15⁰tiriiiih·,¹”4ii⁰²¹⁰
764 2166 1083 2309 inimisit?
1098 2164 1327 2290 lietberti:

302 2306 417 2369 praelisi
442 2305 515 2371 apud
534 2307 680 2361 Lcunclav.
705 2308 758 2360 lur-
778 2306 988 2360 Graeco-lions.
1009 2308 1042 2360 Τ.
1065 2308 1085 2358 Ι.
1107 2324 1135 2377 p.
1159 2303 1227 2373 ιο4ι
1249 2304 1279 2357 Ὁ
1295 2302 1328 2357 δὲ

303 2369 437 2437 βασιλεὺς
456 2370 573 2429 συνετός
595 2373 653 2439 ὤν,
676 2380 724 2429 set
745 2375 816 2430 ὅθεν
830 2376 942 2448 όνεφόη
959 2376 991 2431 τό
1009 2376 1191 2446 ἀσύμφωνον
1203 2371 1327 2443 surrip-

303 2442 426 2511 χιερόων
452 2439 506 2493 σόα
534 2440 668 2509 ἀγνοῶν,
699 2450 871 2513 μεθίστησιν
895 2444 948 2502 τόν
973 2446 1156 2517 accerrime
1179 2444 1328 2497 Νικόλαον

304 2512 354 2561 κοιλ
380 2510 572 2577 displiceri:
600 2513 765 2578 ἐκκλησίας,
794 2516 833 2572 aie
857 2516 1001 2581 ψεόστην,
1034 2518 1085 2566 καλ
1107 2513 1244 2569 πολλάκις
1271 2512 1328 2584 μὲν

306 2576 406 2663 όμιιοις
433 2578 664 2649 όιαβεβαιοῠντα,·
694 2586 744 2635 καλ
770 2580 990 2656 ὑποσχόμενον,
1021 2581 1125 2637 δοῦναι
1149 2586 1188 2652 τῷ
1216 2584 1330 2649 βασιλεῖ

301 2666 356 2715 την
376 2650 427 2702 τοῦ
451 2650 600 2721 ἐπιτιμίου
627 2652 828 2724 συμπάθειαν,
850 2654 1021 2713 τοσαυτάκις
1042 2654 1074 2708 δὲ
1094 2654 1327 2726 μεταμελόμενον

303 2722 353 2771 sat
381 2718 610 2790 ἀναβαλλόμενον
633 2721 769 2789 ἐπίτηδες.
806 2726 917 2792 Pagina,
949 2727 1105 2780 coniectare
1132 2722 1248 2787 dauns,
1274 2722 1327 2774 Ni·

303 2788 411 2839 colauns
429 2790 484 2839 iam
502 2806 517 2838 a
537 2790 648 2856 Leone,
672 2796 754 2847 morti
782 2796 926 2864 proximo,
955 2810 1013 2849 aon
1031 2793 1067 2846 ab
1089 2792 1244 2847 Alexandro
1267 2794 1326 2845 ότι·

303 2862 363 2918 tre,
390 2855 466 2925 quod
488 2858 631 2924 byzantini
658 2877 713 2912 uno
733 2878 780 2912 ore
800 2863 929 2925 tradunt,
954 2867 1086 2931 pristinae
1105 2863 1236 2929 dignitati
1265 2879 1325 2913 csse

305 2925 477 2987 restitutum,
504 2926 671 2991 arbitratur,
707 2926 743 2979 sd
769 2944 872 2979 annum
896 2948 956 2997 9¹¹·
978 2932 1023 2983 lv.
1052 2930 1128 2982 Idem
1152 2931 1253 2984 diserte
1273 2932 1324 2994 ,ltr-

304 2995 427 3045 maclnus
452 2996 482 3047 in
507 2995 570 3048 bisi.
597 2996 685 3048 Sarae
713 3012 740 3067 p.
768 3001 825 3067 196.
852 3006 975 3050 testatur.
1046 3000 1073 3070 3)
1094 3000 1150 3052 Leo
1178 2999 1322 3051 Grammat

308 3080 336 3133 p.
363 3064 423 3132 454.
441 3074 492 3117 cet
527 3066 618 3133 Nugas
631 3065 772 3120 cedrenus
793 3068 866 3137 agit,
886 3068 951 3119 dum
968 3068 1162 3139 Imperatorem
1175 3069 1237 3139 lege
1258 3087 1324 3121 saa-

307 3134 363 3186 cire
390 3132 526 3197 soluisse,
556 3144 662 3197 narrat,
690 3144 722 3189 ut
743 3139 802 3191 viro
825 3144 882 3191 tres
905 3148 1056 3212 quatuorve
1082 3156 1181 3193 uxores
1210 3158 1264 3193 nna
1292 3142 1324 3193 la

302 3204 477 3256 matrimonio
502 3204 606 3259 babere
635 3207 748 3270 liceret,
799 3210 888 3261 .602.
923 3208 984 3261 Nisi
1009 3210 1081 3264 sorte
1100 3218 1227 3281 coempta
1248 3209 1324 3280 apud

304 3290 366 3325 eum
383 3271 466 3325 verbs
487 3284 570 3337 stant,
600 3284 629 3329 et
646 3292 696 3347 pro
722 3226 798 3329 sard
810 3275 930 3343 ταότόν,
959 3282 1060 3343 simul,
1083 3281 1247 3349 legendum:
1263 3280 1323 3333 κατ’

303 3338 411 3404 αιλτόν,
428 3360 479 3395 sus
499 3358 599 3401 aetate.
669 3346 698 3416 4)
719 3348 852 3401 baronias
874 3348 909 3400 ad
930 3366 972 3402 an.
995 3368 1055 3419 prs.
1074 3354 1218 3420 epistolam
1238 3352 1323 3404 Nico-

303 3412 341 3464 lai
369 3410 405 3463 ad
425 3410 581 3467 Pontificem
603 3416 753 3470 Romanam
776 3418 880 3481 edidit,
903 3436 918 3472 e
939 3420 1017 3472 enias
1038 3421 1121 3474 initio
1137 3431 1265 3492 apparet,
1282 3422 1324 3473 lc-

304 3491 381 3549 gatos
404 3494 421 3530 ι
444 3481 537 3549 Sergio
553 3502 597 3538 an.
617 3488 678 3551 906.
693 3504 748 3558 qno
768 3490 820 3542 Zoe
838 3488 958 3557 Augusta
977 3491 1132 3561 appellata,
1153 3508 1241 3563 eaque
1256 3508 1324 3543 con-

302 3552 392 3603 tentio
413 3554 530 3605 maxime
549 3553 682 3619 ferveret,
708 3560 826 3612 venisse.
862 3559 947 3611 Cuius
968 3565 1008 3614 rei
1021 3562 1136 3632 vestigia
1152 3564 1233 3616 etiarn
1249 3557 1323 3629 apud

301 3619 418 3687 Eutyeb.
435 3622 466 3671 in
490 3622 642 3678 Annalibus
658 3642 684 3695 p.
703 3630 764 3696 484.
787 3637 940 3683 occurrunt.
1011 3630 1039 3703 5)
1057 3632 1157 3702 Tangit
1175 3632 1243 3683 baec
1263 3629 1323 3681 dis·

303 3690 374 3777 sidia
399 3689 485 3741 Autor
513 3691 597 3746 Praei.
618 3696 652 3747 T.
672 3698 770 3750 Uaion.
802 3694 895 3758 Ἦσαν
913 3700 1018 3752 πολλολ
1037 3704 1094 3756 τεόν
1119 3702 1278 3771 ἀρχιερέων
1293 3700 1323 3751 ολ

300 3777 340 3829 μη
365 3758 553 3819 συνελθόντες
573 3765 606 3835 τῇ
625 3769 677 3817 cos
697 3767 880 3838 πατριάρχου
898 3772 1067 3843 οἰκονομίᾳ,
1092 3775 1141 3821 καὶ
1161 3770 1272 3839 μᾶλλον
1293 3768 1324 3820 ολ

301 3832 353 3881 τοῦ
383 3832 491 3899 μόρους
516 3834 568 3884 τοῦ
598 3834 779 3903 ἐκβληθέντος
805 3840 961 3893 Νικολάου.
1032 3844 1063 3901 6)
1086 3840 1165 3891 Cont.
1196 3838 1320 3906 Tlscopb.

302 3912 328 3963 P·
354 3902 412 3954 ²33·
434 3900 492 3951 olli·
529 3902 656 3957 Ceterum
677 3908 732 3959 Leo
748 3910 865 3962 Allatins
889 3911 1081 3978 Entlrynrium‚
1106 3918 1325 3977 annuentepon-

303 3964 398 4051 tilrce,
419 3971 602 4038 patriarcham
621 3976 738 4039 dictum,
772 3979 857 4050 idque
884 3982 1002 4033 Graecos
1029 3980 1163 4030 Romanae
1185 3978 1257 4031 sedis
1281 3977 1324 4034 dl·

302 4044 400 4103 gustati
419 4039 565 4104 tribuisse,
584 4045 687 4102 scribit
724 4050 765 4100 De
788 4050 888 4103 Eccles.
903 4051 948 4102 Or.
968 4059 996 4101 ct
1019 4048 1111 4101 Occid.
1129 4058 1233 4119 perpet
1252 4062 1324 4099 cons·

307 4120 333 4173 Ρ.
355 4106 416 4173 604.
454 4110 507 4163 Sed
535 4112 564 4165 id
587 4117 664 4169 nullo
687 4128 760 4172 certo
783 4129 878 4173 autore
909 4118 1051 4189 proditur,
1079 4120 1146 4192 qrrin
1166 4119 1257 4189 potins
1278 4114 1329 4164 Nl·

301 4172 393 4259 colsas
416 4180 530 4245 epistola
558 4188 657 4249 citata,
680 4206 695 4241 a
723 4190 819 4261 legatis
842 4190 968 4244 Romanis
993 4206 1069 4242 snam
1088 4198 1251 4261 potestatem
1273 4185 1339 4240 itu·¹

301 4252 434 4298 minutam
467 4264 524 4301 esso
548 4258 680 4323 queritur.
