3125 4917
346 451 614 522 consumunt
643 453 794 520 ιοιιιιι.
824 437 879 519 οι
904 442 1100 524 mauron
1196 430 1285 544 tto

199 595 303 672 ιδτοῦ
321 605 356 672 δν
374 609 416 695 τῇ
435 605 544 690 πόλει,
572 607 640 672 καὶ.
653 605 760 672 δδίδον
782 605 873 697 edepl
893 608 1050 690 διατάξεις
1069 606 1207 686 ταάτος·
1245 603 1286 674 ά·

197 706 402 790 παριδμῆσαι
416 702 471 772 τὸν
490 703 584 787 lotis,
602 697 672 771 ὅσοι
689 727 722 770 τε
742 702 804 770 tut
826 703 868 770 τά
887 705 1031 791 τάγματά
1044 708 1107 774 εἶσι
1118 708 1174 794 τῆς
1194 703 1287 773 πάλι-

199 826 244 879 οος
273 801 331 868 καί
359 797 430 868 άσοι
450 803 512 870 άπὸ
533 805 588 870 τὸν
607 797 772 888 ὕπαρχον,
795 805 852 868 καί
869 801 1006 885 τοάτσας
1023 808 1202 893 προοριζειν
1214 809 1286 871 καθ’

199 895 332 984 ἑαυτὸν,
359 903 394 970 ε’ν
413 907 490 991 notio
508 904 600 989 μδρει
617 904 750 968 ἕκαστον
768 900 888 968 τοάτιον
899 907 974 992 ,τάν
994 901 1202 992 σνστημάτοιν
1222 910 1396 990 par-tinnit

177 993 286 1079 διάξει
313 998 376 1086 την
397 1002 485 1068 πάλιν
511 1006 548 1069 δν
567 1003 669 1090 καιρῷ
687 999 855 1086 ἐπιδημας
880 990 1026 1089 ἐχθράν·
1067 998 1228 1090 άνορθοῦν
1247 1003 1317 1067 dli)

197 1100 254 1164 ses*
277 1095 318 1165 τά
339 1101 402 1165 τοῖν
421 1104 535 1185 τειχῶν
555 1101 722 1184 κλάσματα
741 1098 935 1183 salacitate
954 1104 991 1168 ἐκ
1010 1103 1131 1178 δι’·σιοος
1150 1099 1288 1190 δρχάμι-

197 1221 238 1262 να
265 1194 412 1278 μανδάτα
440 1200 671 1286 καταμηνύειν,
705 1200 765 1276 ἕως
784 1193 824 1265 άν
852 1196 951 1278 αὐτὸς
970 1195 987 1265 δ
1007 1197 1155 1284 βασιλεῦς
1174 1198 1216 1266 τά
1236 1201 1286 1266 οδ-

197 1292 336 1375 κοάμινα
367 1298 539 1387 παρέλθῃ·
577 1295 658 1380 μετά
689 1299 726 1363 δὲ
757 1301 861 1364 ταῦτα
886 1297 928 1364 τά
956 1302 1018 1383 μὲν
1043 1299 1203 1364 σπουδαῖα
1229 1301 1288 1364 καὶ

196 1393 342 1458 κίνδυνον
361 1389 519 1478 σάντομον
538 1394 726 1460 ἀπειλοῦντα
753 1399 882 1460 διοικεῖν
902 1391 1018 1480 αάτδν,
1047 1395 1155 1472 solide
1174 1389 1213 1461 άν
1232 1419 1285 1462 νο-

161 1492 274 1580 Ιομάση
295 1494 461 1579 συμφέρον
481 1488 579 1575 εἶναι,
599 1491 833 1575 βουλευόμενον
851 1491 931 1573 μετά
953 1497 1018 1560 τῶν
1035 1494 1286 1581 χρησιμωτέραν

195 1591 253 1673 τῆς
273 1587 410 1666 πόλεως·
448 1588 491 1655 τά
511 1592 549 1656 δὲ
566 1591 729 1676 μηδεμίαν
757 1589 901 1675 σποοδην
922 1588 1053 1676 ἔχοντα,
1084 1587 1153 1656 altt’
1173 1590 1287 1676 ια’τιλῆ

196 1678 278 1752 ὄντα
297 1687 354 1753 και*
366 1686 506 1776 φανερὰ,
528 1691 676 1772 διοικεῖν,
697 1686 738 1754 τά
759 1690 796 1754 δὲ
813 1688 951 1775 μεγάλης
971 1689 1136 1776 φροντίδος
1153 1689 1286 1772 δεόμενα

197 1783 386 1872 άποκρατεδν
406 1789 504 1872 μέχρι
522 1789 579 1873 τῆς
605 1786 812 1874 άποστροιρῆς
830 1790 886 1852 τοῦ
905 1790 1078 1871 βασιλέως·
1118 1790 1433 1874 προσέχεινῑδι.ι6σ

198 1885 235 1950 δὲ
252 1881 393 1966 μάλιστα
413 1886 489 1973 περδ
507 1885 671 1973 αι’φνιδίοο
691 1886 861 1970 ἐπιδημίας
880 1887 1025 1970 ἐχθροῖν,
1047 1885 1104 1953 καὶ
1122 1886 1177 1952 διά
1195 1889 1290 1952 τοῦτο

161 1982 339 2065 adpetitione
366 1980 503 2069 γράφειν
528 2005 563 2049 τε
594 1983 737 2066 σννεχοάς
766 1981 821 2046 καὶ
846 1983 1000 2066 δέχεσθαι
1027 1983 1064 2048 δι
1090 1985 1155 2051 τάν
1182 1976 1290 2071 dapes

198 2081 370 2166 θεμάτων,
403 2083 459 2147 καί
483 2089 692 2148 κατασκοπεῖν
719 2077 760 2146 τά
790 2081 855 2148 τάν
879 2080 1027 2165 paredros
1053 2082 1199 2169 ἐχθράν,
1234 2079 1292 2148 nat

197 2178 375 2261 μανθάνειν
393 2178 716 2246 anteveniamus·
756 2175 806 2245 ἔτι
824 2201 860 2261 ys
877 2178 942 2262 μὴν
961 2182 1034 2244 καθ’
1055 2175 1172 2247 taonis
1191 2203 1290 2268 φρον-

198 2281 298 2358 τιζειν
317 2281 392 2367 περὶ
417 2275 542 2363 ὅπλων,
565 2275 650 2344 ’ὅθεν
676 2280 739 2356 ἕξει
758 2275 842 2342 adad
862 2277 898 2342 ir
918 2278 1018 2368 καιρῷ
1034 2280 1168 2363 χρείας·
1188 2280 1290 2345 ταῦτα

199 2375 237 2439 δὲ
255 2376 437 2458 λογιῖεσθαι
456 2379 528 2440 καθ’
549 2371 663 2442 ἑαυτὸν
683 2377 739 2440 scol
758 2371 983 2457 ἑτοιμάζεσθαι
1013 2378 1114 2461 χοιρδς
1132 2378 1288 2463 ταραχῆς,

158 2474 252 2542 noluo
278 2469 324 2558 μὴ
349 2470 450 2558 φόβον
477 2471 676 2560 δμβάλληιῇ
702 2472 810 2554 πόλει,
838 2473 895 2536 κατ’
921 2472 1164 2558 πολυτιμότερον
1193 2499 1287 2540 κατα-

199 2688 367 2752 constitutis,
383 2683 572 2758 nuncupabat,
591 2703 672 2770 quem
690 2685 911 2756 pes-absentiam
927 2702 1006 2740 snam
1022 2703 1086 2740 suas
1103 2689 1134 2741 iu
1152 2685 1226 2741 Urbe
1241 2687 1286 2739 vi·

199 2777 245 2812 ees
262 2775 355 2830 gerere
374 2759 473 2821 vellet,
493 2757 575 2828 elque
593 2773 623 2809 an
641 2759 795 2827 praeceptis
813 2755 899 2810 dabat
917 2757 994 2821 laaec,
1011 2767 1045 2810 ut
1063 2765 1217 2812 recenseret
1232 2759 1287 2809 ml-

198 2827 307 2892 litiam,
330 2837 383 2880 tam
402 2845 477 2889 cam,
523 2843 573 2880 uae
591 2825 627 2894 ad
655 2825 780 2879 cobortes
807 2825 1000 2896 praesidiarias
1014 2826 1100 2881 'Urbis
1118 2829 1288 2897 pertineret,

199 2917 279 2970 quarn
301 2915 371 2969 quae
388 2895 573 2950 iurisdictaoui
592 2897 723 2966 praefecti
743 2897 823 2948 Urbis
840 2894 967 2948 subesset
995 2895 1043 2967 [ie
1060 2906 1103 2950 est
1121 2895 1288 2970 iaetioucslp

201 2969 396 3038 ambarumque
422 2970 539 3035 partium
557 2965 672 3035 siugulis
689 2954 856 3035 peculiarem
873 2981 955 3035 porro
972 2965 1064 3018 locum
1084 2968 1252 3037 assignaret,
1270 2982 1288 3018 e

200 3056 256 3110 quo
276 3055 367 3091 arcere
386 3036 494 3099 hostes,
513 3037 537 3087 sl
555 3035 642 3098 forte,
660 3035 831 3087 incursantes
848 3037 1017 3102 niterentur3
1033 3051 1115 3105 porro
1134 3045 1165 3088 ut
1181 3046 1289 3089 restau-

199 3119 274 3162 raret
298 3109 436 3160 moenium
459 3114 586 3176 rupturas
604 3111 633 3157 et
649 3105 756 3170 ruinas3
785 3112 816 3157 ut
833 3123 866 3156 ex
884 3104 1036 3158 Occidente
1054 3106 1195 3159 uenientes
1212 3124 1287 3158 nun·

196 3179 251 3232 tlos
276 3177 312 3230 ad
330 3177 522 3246 Imperatorem
540 3192 589 3245 per
614 3190 721 3227 eorsum
739 3171 882 3242 publicum
898 3174 1013 3226 referret
1020 3200 1035 3236 ,·
1056 3173 1143 3227 donec
1159 3177 1209 3228 ille
1235 3173 1286 3228 sd-

197 3247 253 3302 lrue
273 3251 421 3300 Romanum
439 3245 527 3299 solum
546 3245 677 3308 calcaret3
703 3251 797 3296 evecto
816 3250 908 3296 autem
926 3244 956 3294 iu
972 3243 1103 3297 hostilem
1122 3262 1232 3316 agrum,
1255 3261 1286 3298 se

197 3317 273 3371 laune
290 3319 319 3370 in
336 3315 447 3368 modum
466 3324 583 3386 gereret:
608 3321 640 3365 ut
656 3327 755 3382 nempe
770 3315 865 3383 magui
883 3314 1016 3366 momenti
1033 3331 1076 3366 res
1099 3321 1129 3366 et
1153 3331 1294 3385 praeceps.

198 3386 346 3456 discrimen
364 3386 500 3439 minantes
518 3385 577 3454 ipse
593 3383 721 3454 protinus
739 3384 789 3446 ita,
808 3390 840 3435 ut
859 3381 914 3435 sibi
933 3381 1052 3454 aliisque
1070 3384 1149 3437 Urbis
1168 3387 1287 3456 optima-

198 3459 275 3512 tibus
294 3459 323 3510 in
344 3455 489 3510 eonsilium
512 3453 625 3508 adscitis
654 3468 670 3505 e
699 3469 730 3506 re
753 3455 892 3506 communi
915 3468 975 3505 esse
1001 3454 1089 3506 visum
1106 3456 1212 3519 fuerit,
1236 3472 1286 3507 ex-

197 3527 324 3599 pediret;
351 3543 394 3580 res
411 3542 468 3579 nor.
486 3523 565 3577 ualde
583 3532 766 3578 momentosas
784 3539 874 3593 neque
893 3541 911 3575 u
942 3529 1036 3587 entes,
1058 3522 1107 3576 sed
1124 3525 1207 3587 leves,
1224 3529 1285 3577 eni·

196 3600 238 3652 vis
263 3605 407 3670 perspectu
433 3593 528 3648 faciles
560 3602 589 3648 ct
613 3593 782 3646 dubitationi
815 3603 899 3663 atque
946 3592 1123 3646 eliberatioui
1149 3604 1285 3662 exemptas

196 3685 249 3738 pro
267 3666 371 3720 iudicio
389 3682 438 3717 suo
461 3672 669 3736 exsequeretur3
686 3680 757 3734 quae
776 3672 886 3726 contra,
912 3666 1036 3734 quamvis
1054 3681 1177 3734 ιιιιςιιιιιι
1193 3681 1285 3716 carrara

195 3747 281 3810 atque
308 3737 578 3803 circumspectionem
597 3737 784 3804 requirerent,
808 3748 910 3787 moram
928 3741 1019 3785 tumeu
1038 3743 1210 3801 paterentur,
1237 3751 1284 3786 eas

195 3807 231 3858 ad
250 3825 340 3870 suum,
358 3804 540 3874 imperatoris,
565 3803 684 3857 reditum
702 3820 789 3873 usque
809 3809 958 3855 reservaret
974 3804 1106 3872 integram
1123 3804 1282 3886 praecipue,

196 3886 229 3930 ut
245 3876 405 3930 subitaneae
421 3873 540 3927 laertium
562 3873 711 3926 incursioni
724 3871 895 3943 provideret,
916 3881 947 3924 et
962 3881 1105 3942 propterea
1121 3872 1283 3929 saelesiueu·

198 3955 241 3998 ter
258 3948 366 4000 litteras
384 3945 543 4016 legatosque
561 3945 590 3997 in
607 3946 720 3996 extimas
737 3943 848 4012 imperii
866 3942 1020 4013 provincias
1036 3943 1173 4006 mitteret,
1197 3952 1226 3997 et
1242 3945 1281 3996 il.

197 4015 254 4066 line
276 4019 390 4070 nuutios
415 4017 564 4085 reciperet,
591 4013 669 4083 uigili
688 4011 768 4066 oculo
787 4014 940 4066 uicinorum
961 4012 1017 4063 illis
1034 4009 1200 4080 populorum
1218 4019 1282 4073 orbt

197 4085 319 4137 Romano
343 4086 516 4138 inimicorum
540 4085 661 4136 actiones
688 4089 717 4136 et
734 4082 860 4136 instituta
882 4084 1021 4141 lustraret,
1046 4081 1217 4148 exploraret,
1246 4089 1282 4142 att

198 4169 244 4218 se,
267 4155 480 4223 Imperatorem,
498 4153 678 4224 signiticareta
702 4161 841 4223 praeterea
858 4167 949 4204 secum
964 4147 1135 4218 presideret,
1150 4162 1190 4205 'ut
1206 4170 1279 4212 earne

198 4241 234 4277 ne
252 4221 344 4276 desint
360 4226 497 4296 tempori,
514 4240 569 4296 quo
587 4224 643 4276 illis
661 4239 728 4290 opus
747 4231 775 4275 et
793 4237 857 4274 usus
874 4226 952 4271 esset.
988 4217 1064 4270 flacc
1078 4228 1169 4274 autem
1189 4239 1283 4280 versa.

201 4301 242 4347 ret
259 4309 351 4346 seeum
382 4303 412 4346 et
430 4294 571 4348 moliretur
598 4291 702 4363 absque
725 4307 824 4360 magna
849 4296 879 4342 et
900 4286 1032 4341 tumultus
1050 4288 1134 4359 plena
1161 4308 1281 4352 commo.

233 4395 432 4452 Censtenss‘rsus
447 4393 580 4468 Porphyr.
598 4395 656 4449 Vol.
672 4397 695 4447 1.
1049 4408 1085 4465 ap
