3125 4917
356 934 425 1001 EX
450 922 807 998 Anvnnstnns
838 912 1157 988 nntcnltms,

676 1145 906 1166 μ

460 1452 493 1490 Ν
509 1452 622 1493 ΙΦΙΠΙΙ
641 1451 818 1492 comum!
837 1450 1071 1496 ΜΙΜΙΜΙΙΙΤΙ.

218 1564 376 1699 collegis
388 1636 406 1681 e
419 1618 532 1681 multos
551 1618 646 1683 libros
667 1630 697 1681 et
716 1618 789 1681 inde
807 1628 946 1703 excerpta
967 1617 1033 1681 licei
1055 1634 1177 1679 curasse
1196 1614 1307 1678 dicitnr

260 1700 389 1781 praelat.
410 1702 449 1762 ad
468 1704 618 1785 Excerpta
646 1704 753 1785 Legat.
780 1703 828 1763 ed.
851 1701 1009 1763 Hoeschel.
1039 1699 1130 1760 Conl.
1153 1699 1249 1781 prees.
1268 1692 1308 1759 ad

185 1786 188 1793 ‘
263 1782 387 1841 Contin.
410 1783 549 1866 Theoph,
572 1808 605 1866 p.
620 1806 649 1851 2.
669 1787 781 1865 Seript.
846 1794 873 1841 st
891 1783 1071 1863 Tbeophan.

222 1860 424 1923 Constantino
452 1866 604 1947 Porphyc.
628 1866 781 1925 dedicavit
820 1865 967 1925 iistoriam
997 1884 1085 1925 suam
1105 1863 1252 1925 Genesim
1271 1861 1310 1924 de

263 1947 327 2003 vita
349 1947 453 2005 Basilii
474 1948 665 2029 aliorumque
686 1948 921 2028 Imperatorum.

222 2022 365 2087 Delectus
386 2027 486 2107 legum
508 2031 752 2112 compeinlinrius
774 2048 810 2089 ex
830 2031 931 2089 lnstit.
951 2027 1084 2111 Digestis
1103 2037 1163 2091 ete.
1184 2048 1309 2109 compo-

262 2110 338 2251 llllls
354 2110 398 2253 {b
410 2110 488 2251 llnp'
505 2112 607 2251 Lgone
626 2110 810 2197 philosopho
833 2122 864 2173 et
877 2112 1033 2176 Constant.
1045 2112 1200 2194 Porphyr.
1216 2111 1309 2171 Lam-

324 2234 332 2251 .
384 2234 393 2251 .
449 2234 457 2252 .
479 2214 505 2255 c.
551 2236 560 2252 .

180 2296 186 2311 ·
223 2268 262 2333 ln
282 2272 352 2334 cod.
369 2274 483 2334 LXIV.
497 2274 575 2337 Bibl.
589 2268 724 2336 Venetae
738 2274 951 2356 compendium
969 2284 1067 2338 exstat
1085 2274 1188 2359 legum
1199 2271 1312 2335 Leonis

266 2366 296 2415 ct
318 2356 529 2434 Constantini,
551 2360 694 2439 scriptum
716 2379 766 2417 nn.
793 2356 881 2441 1175.

225 2432 420 2519 Theophanis
450 2438 596 2520 synopsis
619 2438 844 2524 compendiaria
871 2440 945 2500 artis
964 2436 1100 2499 medicae
1119 2458 1211 2500 suasu
1228 2436 1309 2520 Imp.

267 2519 457 2580 Constantini
477 2520 631 2605 Porphyr.
652 2544 686 2583 cx
708 2522 845 2583 Oribnsii
864 2523 1056 2602 potissimum
1078 2524 1198 2603 scriptis
1217 2518 1311 2580 eolle-

266 2613 316 2662 cta
346 2613 377 2662 et
402 2604 433 2661 in
455 2617 570 2685 septem
593 2604 685 2666 libros
715 2604 823 2666 divisa
844 2603 985 2664 Lambec.
1006 2602 1055 2682 24.
1076 2624 1195 2664 manns.
1217 2602 1311 2664 iurid.

268 2683 349 2745 conl.
366 2686 415 2749 25.
430 2696 460 2745 et
475 2687 624 2768 Wegclini
642 2682 763 2757 ἔκδυσις
778 2697 808 2747 et
820 2686 944 2746 Fabric.
957 2684 996 2745 ad
1010 2683 1107 2746 Allat.
1122 2686 1161 2747 de
1175 2685 1295 2751 Psellis.

227 2766 320 2834 Pselli
342 2770 478 2850 synopsis
502 2774 575 2831 aitis
594 2770 727 2831 medicae
747 2769 786 2829 nd
802 2770 1037 2830 Constantinum
1054 2770 1088 2830 in
1099 2768 1313 2831 Escurialensi.
1431 2834 1438 2847 ¹

273 2851 440 2910 Montlisuc.
463 2854 495 2912 in
515 2850 595 2913 Bibl.
618 2854 771 2914 Manuscr.
791 2873 823 2934 p.
842 2851 915 2915 623.

230 2934 418 2996 Muratorius
437 2934 475 2993 T.
491 2936 531 2997 ll.
547 2934 619 2995 hnt.
639 2933 708 2994 ltal.
730 2936 804 2994 diss.
827 2933 879 2994 26.
900 2944 1038 2995 recenset
1056 2944 1194 2996 auctores
1215 2931 1314 2994 Tecti·

272 3036 323 3075 eos
337 3012 540 3076 Bibliothecae
554 3016 773 3076 Ambiosianne
788 3016 916 3076 ineditos
930 3058 940 3093 ,
961 3018 1042 3077 inter
1060 3038 1137 3098 quos
1150 3026 1316 3077 occurrunt

273 3091 469 3175 Ναυμαχικά
495 3096 631 3171 Λέοντος
647 3141 657 3175 ,
679 3099 801 3159 inedita.
843 3091 1041 3176 Ναυμαχικά
1058 3094 1147 3177 παρὰ
1165 3094 1316 3159 Beoatn'·

273 3198 312 3239 ου
331 3176 496 3261 πατρικίου
510 3178 567 3239 καί
588 3174 885 3262 παρακοεμωμένου,
928 3180 966 3240 1η
986 3178 1047 3239 alio
1068 3181 1173 3242 codice
1193 3180 1219 3243 I
1233 3179 1315 3240 Tat-

271 3263 329 3325 cici
346 3258 382 3321 di
405 3260 613 3324 Constantino
639 3263 934 3347 Porphyrogeneta.
974 3260 1122 3327 Eiusdem
1144 3257 1219 3347 περὶ
1238 3282 1317 3324 rne-

233 3338 1129 3490 §.litlintttlttlwtlt‘ztttt'fttthn.
1152 3435 1317 3489 ...amc

275 3509 455 3588 (Montlauc.
471 3510 511 3571 Τ.
525 3512 548 3572 1.
563 3532 592 3592 p.
604 3450 685 3591 lllll
701 3522 771 3573 sunt
790 3510 981 3572 Constantini
998 3512 1079 3593 lmp.

236 3590 281 3652 Ut
300 3593 516 3654 Constantinus
533 3594 678 3655 nonnulla
696 3595 735 3657 de
748 3614 783 3655 re
801 3593 926 3653 militari
940 3594 1081 3675 scripsit,
1108 3592 1152 3652 ita
1166 3588 1242 3674 lmp.
1254 3591 1317 3652 Ma·

277 3675 421 3736 similiani
454 3676 524 3737 libri
555 3676 691 3759 plenique
718 3678 758 3737 ad
782 3678 976 3738 venationem
1007 3686 1039 3735 et
1061 3693 1128 3746 rem
1154 3671 1318 3736 militarem

276 3760 439 3836 pertinent.
481 3758 621 3821 Lambm.
641 3781 671 3841 p.
695 3758 760 3821 183.

239 3833 392 3920 Anonymi
411 3841 647 3903 additamentum
676 3840 715 3901 ad
735 3840 926 3901 Constantin.
949 3836 990 3901 de
1012 3836 1144 3922 imagine
1164 3836 1318 3901 Edessena
1440 3924 1448 3941 ι

281 3932 327 3981 est
342 3924 374 3981 in
390 3926 457 3991 cod.
483 3924 531 4005 sl.
545 3926 584 3985 L.
594 3924 682 3985 Vlll.
696 3922 841 3982 Lambee.

239 4000 368 4065 Romani
385 4016 415 4065 ct
426 4007 614 4070 Constantini
627 4006 864 4069 Constitutiones
880 4002 1095 4069 ecclesiastices
1110 4008 1144 4070 in
1157 4001 1235 4069 Bibl.
1247 4002 1319 4068 Am·

280 4084 431 4151 bresiana.
444 4108 476 4154 v.
487 4090 660 4155 montfanc.
674 4086 753 4156 Bibl.
777 4089 932 4149 Mannser.
947 4086 1065 4173 otini.
