<?xml version="1.0" encoding="UTF-8"?>
<!DOCTYPE html PUBLIC "-//W3C//DTD XHTML 1.0 Transitional//EN"
    "http://www.w3.org/TR/xhtml1/DTD/xhtml1-transitional.dtd">
<html xmlns="http://www.w3.org/1999/xhtml" xml:lang="en" lang="en">
 <head>
  <title>
</title>
<meta http-equiv="Content-Type" content="text/html;charset=utf-8" />
  <meta name='ocr-system' content='tesseract 3.04.00' />
  <meta name='ocr-capabilities' content='ocr_page ocr_carea ocr_par ocr_line ocrx_word'/>
</head>
<body>
  <div class='ocr_page' id='page_1' title='image "./corpusscriptoru40theogoog/corpusscriptoru40theogoog_0251.png"; bbox 0 0 3125 4917; ppageno 0'>
   <div class='ocr_carea' id='block_1_1' title="bbox 375 361 1296 472">
    <p class='ocr_par' dir='ltr' id='par_1_1' title="bbox 375 361 1296 472">
     <span class='ocr_line' id='line_1_1' title="bbox 375 361 1296 472; baseline -0.024 -8"><span class='ocrx_word' id='word_1_1' title='bbox 375 403 432 465; x_wconf 81' lang='lat' dir='ltr'><em>nn</em></span> <span class='ocrx_word' id='word_1_2' title='bbox 459 399 655 467; x_wconf 78' lang='lat' dir='ltr'><strong>martion.</strong></span> <span class='ocrx_word' id='word_1_3' title='bbox 685 399 824 462; x_wconf 76' lang='lat' dir='ltr'><strong>tonan</strong></span> <span class='ocrx_word' id='word_1_4' title='bbox 850 395 1021 460; x_wconf 77' lang='lat' dir='ltr'><strong>uratur.</strong></span> <span class='ocrx_word' id='word_1_5' title='bbox 1045 397 1071 454; x_wconf 93' lang='grc' dir='ltr'><em>ι.</em></span> <span class='ocrx_word' id='word_1_6' title='bbox 1092 397 1142 462; x_wconf 72' lang='lat' dir='ltr'><strong>au</strong></span> <span class='ocrx_word' id='word_1_7' title='bbox 1220 361 1296 472; x_wconf 80' lang='lat'><em>167</em></span> 
     </span>
    </p>
   </div>
   <div class='ocr_carea' id='block_1_2' title="bbox 166 540 1447 2893">
    <p class='ocr_par' dir='ltr' id='par_1_2' title="bbox 166 540 1447 2893">
     <span class='ocr_line' id='line_1_2' title="bbox 200 540 1304 638; baseline -0.015 -17"><span class='ocrx_word' id='word_1_8' title='bbox 200 561 330 638; x_wconf 76' lang='grc' dir='ltr'><em>βασιλεῖ</em></span> <span class='ocrx_word' id='word_1_9' title='bbox 352 556 412 620; x_wconf 78' lang='grc' dir='ltr'><em>τοῦ</em></span> <span class='ocrx_word' id='word_1_10' title='bbox 442 554 533 637; x_wconf 80' lang='grc' dir='ltr'><em>ἁγίου</em></span> <span class='ocrx_word' id='word_1_11' title='bbox 563 553 709 638; x_wconf 74' lang='grc' dir='ltr'><em>σώματος</em></span> <span class='ocrx_word' id='word_1_12' title='bbox 741 551 798 614; x_wconf 83' lang='grc' dir='ltr'><em>καί</em></span> <span class='ocrx_word' id='word_1_13' title='bbox 827 551 885 613; x_wconf 81' lang='grc' dir='ltr'><em>τοῦ</em></span> <span class='ocrx_word' id='word_1_14' title='bbox 912 545 1022 628; x_wconf 90' lang='grc' dir='ltr'><em>τιμίου</em></span> <span class='ocrx_word' id='word_1_15' title='bbox 1056 545 1205 628; x_wconf 75' lang='grc' dir='ltr'><em>αἵματος.</em></span> <span class='ocrx_word' id='word_1_16' title='bbox 1247 540 1304 604; x_wconf 80' lang='grc' dir='ltr'><em>καί</em></span> 
     </span>
     <span class='ocr_line' id='line_1_3' title="bbox 200 637 1306 738; baseline -0.015 -22"><span class='ocrx_word' id='word_1_17' title='bbox 200 653 398 738; x_wconf 68' lang='grc' dir='ltr'><strong><em>κοινωνήσας</em></strong></span> <span class='ocrx_word' id='word_1_18' title='bbox 422 652 441 716; x_wconf 86' lang='grc' dir='ltr'><em>δ</em></span> <span class='ocrx_word' id='word_1_19' title='bbox 464 650 615 734; x_wconf 73' lang='grc' dir='ltr'><em>βασιλεῦς</em></span> <span class='ocrx_word' id='word_1_20' title='bbox 646 653 825 733; x_wconf 78' lang='grc' dir='ltr'><em>εἰσέρχεται</em></span> <span class='ocrx_word' id='word_1_21' title='bbox 854 647 899 722; x_wconf 85' lang='grc' dir='ltr'><em>είς</em></span> <span class='ocrx_word' id='word_1_22' title='bbox 928 641 965 710; x_wconf 77' lang='grc' dir='ltr'><em>τὸ</em></span> <span class='ocrx_word' id='word_1_23' title='bbox 994 639 1214 728; x_wconf 81' lang='grc' dir='ltr'><em>μητατάριον,</em></span> <span class='ocrx_word' id='word_1_24' title='bbox 1251 637 1306 700; x_wconf 87' lang='grc' dir='ltr'><em>καί</em></span> 
     </span>
     <span class='ocr_line' id='line_1_4' title="bbox 201 740 1303 834; baseline -0.018 -17"><span class='ocrx_word' id='word_1_25' title='bbox 201 753 309 834; x_wconf 71' lang='grc' dir='ltr'><em>λαβών</em></span> <span class='ocrx_word' id='word_1_26' title='bbox 328 754 430 833; x_wconf 77' lang='grc' dir='ltr'><em>νεῦμα</em></span> <span class='ocrx_word' id='word_1_27' title='bbox 449 750 467 814; x_wconf 84' lang='grc' dir='ltr'><em>δ</em></span> <span class='ocrx_word' id='word_1_28' title='bbox 487 755 545 834; x_wconf 76' lang='grc' dir='ltr'><em>τῆς</em></span> <span class='ocrx_word' id='word_1_29' title='bbox 560 750 782 823; x_wconf 74' lang='grc' dir='ltr'><em>καταστάσεως</em></span> <span class='ocrx_word' id='word_1_30' title='bbox 802 742 888 826; x_wconf 84' lang='grc' dir='ltr'><em>παρά</em></span> <span class='ocrx_word' id='word_1_31' title='bbox 899 744 958 808; x_wconf 75' lang='grc' dir='ltr'><em>τοῦ</em></span> <span class='ocrx_word' id='word_1_32' title='bbox 974 740 1303 828; x_wconf 50' lang='grc' dir='ltr'><em>πραιποσιτουψροσ·</em></span> 
     </span>
     <span class='ocr_line' id='line_1_5' title="bbox 203 835 1303 932; baseline -0.015 -20"><span class='ocrx_word' id='word_1_33' title='bbox 203 839 354 914; x_wconf 54' lang='grc' dir='ltr'><em>καλεῖται’</em></span> <span class='ocrx_word' id='word_1_34' title='bbox 375 850 494 924; x_wconf 92' lang='grc' dir='ltr'><em>πάντας</em></span> <span class='ocrx_word' id='word_1_35' title='bbox 528 848 604 926; x_wconf 84' lang='grc' dir='ltr'><em>τοδς</em></span> <span class='ocrx_word' id='word_1_36' title='bbox 631 853 687 932; x_wconf 76' lang='grc' dir='ltr'><em>τῆς</em></span> <span class='ocrx_word' id='word_1_37' title='bbox 714 845 908 929; x_wconf 69' lang='grc' dir='ltr'><em>συγκλήτου,</em></span> <span class='ocrx_word' id='word_1_38' title='bbox 955 839 1010 904; x_wconf 85' lang='grc' dir='ltr'><em>καί</em></span> <span class='ocrx_word' id='word_1_39' title='bbox 1038 837 1241 902; x_wconf 71' lang='grc' dir='ltr'><em>κοινωνοῦσιν</em></span> <span class='ocrx_word' id='word_1_40' title='bbox 1267 835 1303 898; x_wconf 83' lang='grc' dir='ltr'><em>ἐκ</em></span> 
     </span>
     <span class='ocr_line' id='line_1_6' title="bbox 181 928 1304 1033; baseline -0.012 -22"><span class='ocrx_word' id='word_1_41' title='bbox 181 948 264 1012; x_wconf 73' lang='grc' dir='ltr'><em>ὁτῶν</em></span> <span class='ocrx_word' id='word_1_42' title='bbox 293 951 351 1013; x_wconf 79' lang='grc' dir='ltr'><em>τοῦ</em></span> <span class='ocrx_word' id='word_1_43' title='bbox 381 948 580 1033; x_wconf 75' lang='grc' dir='ltr'><em>πατριάρχου</em></span> <span class='ocrx_word' id='word_1_44' title='bbox 613 948 750 1030; x_wconf 79' lang='grc' dir='ltr'><em>χειρῶν.</em></span> <span class='ocrx_word' id='word_1_45' title='bbox 792 940 847 1006; x_wconf 81' lang='grc' dir='ltr'><em>καί</em></span> <span class='ocrx_word' id='word_1_46' title='bbox 874 935 934 1003; x_wconf 79' lang='grc' dir='ltr'><em>εἷθ’</em></span> <span class='ocrx_word' id='word_1_47' title='bbox 961 933 1067 1023; x_wconf 75' lang='grc' dir='ltr'><em>μάτας</em></span> <span class='ocrx_word' id='word_1_48' title='bbox 1095 934 1258 1016; x_wconf 79' lang='grc' dir='ltr'><em>ἐξέρχεται</em></span> <span class='ocrx_word' id='word_1_49' title='bbox 1286 928 1304 997; x_wconf 79' lang='grc' dir='ltr'>ὅ</span> 
     </span>
     <span class='ocr_line' id='line_1_7' title="bbox 201 1028 1316 1129; baseline -0.016 -20"><span class='ocrx_word' id='word_1_50' title='bbox 201 1044 353 1126; x_wconf 69' lang='grc' dir='ltr'><em>βασιλεδς</em></span> <span class='ocrx_word' id='word_1_51' title='bbox 376 1049 411 1110; x_wconf 83' lang='grc' dir='ltr'><em>ἐκ</em></span> <span class='ocrx_word' id='word_1_52' title='bbox 432 1050 490 1110; x_wconf 81' lang='grc' dir='ltr'><em>τοῦ</em></span> <span class='ocrx_word' id='word_1_53' title='bbox 509 1044 729 1129; x_wconf 90' lang='grc' dir='ltr'><em>μητατωρίου,</em></span> <span class='ocrx_word' id='word_1_54' title='bbox 759 1039 815 1105; x_wconf 85' lang='grc' dir='ltr'><em>καί</em></span> <span class='ocrx_word' id='word_1_55' title='bbox 835 1031 1104 1120; x_wconf 72' lang='grc' dir='ltr'><em>προσκυνήσαντες</em></span> <span class='ocrx_word' id='word_1_56' title='bbox 1125 1028 1316 1116; x_wconf 72' lang='grc' dir='ltr'><em>ἀμφότεροι</em></span> 
     </span>
     <span class='ocr_line' id='line_1_8' title="bbox 203 1125 1303 1226; baseline -0.014 -20"><span class='ocrx_word' id='word_1_57' title='bbox 203 1144 370 1226; x_wconf 81' lang='grc' dir='ltr'><em>άλληλους,</em></span> <span class='ocrx_word' id='word_1_58' title='bbox 394 1140 455 1226; x_wconf 82' lang='grc' dir='ltr'><em>ὅ,τε</em></span> <span class='ocrx_word' id='word_1_59' title='bbox 472 1141 622 1224; x_wconf 72' lang='grc' dir='ltr'><em>βασιλεδς</em></span> <span class='ocrx_word' id='word_1_60' title='bbox 641 1145 697 1206; x_wconf 84' lang='grc' dir='ltr'><em>καί</em></span> <span class='ocrx_word' id='word_1_61' title='bbox 715 1136 732 1204; x_wconf 84' lang='grc' dir='ltr'>ὅ</span> <span class='ocrx_word' id='word_1_62' title='bbox 756 1134 967 1223; x_wconf 88' lang='grc' dir='ltr'><em>πατριάρχης,</em></span> <span class='ocrx_word' id='word_1_63' title='bbox 988 1131 1005 1200; x_wconf 82' lang='grc' dir='ltr'><strong><em>ὃ</em></strong></span> <span class='ocrx_word' id='word_1_64' title='bbox 1024 1135 1085 1214; x_wconf 75' lang='grc' dir='ltr'><em>μὲν</em></span> <span class='ocrx_word' id='word_1_65' title='bbox 1101 1125 1303 1216; x_wconf 77' lang='grc' dir='ltr'><em>πατριάρχης</em></span> 
     </span>
     <span class='ocr_line' id='line_1_9' title="bbox 202 1224 1438 1325; baseline -0.011 -21"><span class='ocrx_word' id='word_1_66' title='bbox 202 1245 392 1325; x_wconf 79' lang='grc' dir='ltr'><em>κατέρχεται</em></span> <span class='ocrx_word' id='word_1_67' title='bbox 411 1245 570 1308; x_wconf 77' lang='grc' dir='ltr'><em>ἐκτελέσαι</em></span> <span class='ocrx_word' id='word_1_68' title='bbox 594 1239 654 1323; x_wconf 76' lang='grc' dir='ltr'><em>την</em></span> <span class='ocrx_word' id='word_1_69' title='bbox 681 1238 776 1303; x_wconf 91' lang='grc' dir='ltr'><em>θείαν</em></span> <span class='ocrx_word' id='word_1_70' title='bbox 797 1235 1013 1320; x_wconf 82' lang='grc' dir='ltr'><em>λειτουργίαν,</em></span> <span class='ocrx_word' id='word_1_71' title='bbox 1043 1230 1118 1296; x_wconf 78' lang='grc' dir='ltr'><em>ὅδὲ</em></span> <span class='ocrx_word' id='word_1_72' title='bbox 1148 1224 1354 1311; x_wconf 77' lang='grc' dir='ltr'><em>βασιλεδςλῐι.</em></span> <span class='ocrx_word' id='word_1_73' title='bbox 1368 1241 1438 1296; x_wconf 76' lang='lat' dir='ltr'><strong>tub</strong></span> 
     </span>
     <span class='ocr_line' id='line_1_10' title="bbox 201 1326 1324 1425; baseline -0.013 -23"><span class='ocrx_word' id='word_1_74' title='bbox 201 1339 400 1406; x_wconf 80' lang='grc' dir='ltr'><em>δπαλλάσσει</em></span> <span class='ocrx_word' id='word_1_75' title='bbox 432 1341 668 1425; x_wconf 87' lang='grc' dir='ltr'><em>σκαραμάγγιον</em></span> <span class='ocrx_word' id='word_1_76' title='bbox 696 1333 918 1421; x_wconf 75' lang='grc' dir='ltr'><em>χρυσάκλαβον</em></span> <span class='ocrx_word' id='word_1_77' title='bbox 947 1333 1002 1396; x_wconf 84' lang='grc' dir='ltr'><em>καί</em></span> <span class='ocrx_word' id='word_1_78' title='bbox 1027 1327 1166 1395; x_wconf 90' lang='grc' dir='ltr'><em>σπαθίον</em></span> <span class='ocrx_word' id='word_1_79' title='bbox 1198 1326 1324 1396; x_wconf 80' lang='grc' dir='ltr'><em>διάλι-Ῑ)</em></span> 
     </span>
     <span class='ocr_line' id='line_1_11' title="bbox 166 1415 1305 1524; baseline -0.012 -24"><span class='ocrx_word' id='word_1_80' title='bbox 166 1441 273 1516; x_wconf 83' lang='grc' dir='ltr'><em>Ιοθον,</em></span> <span class='ocrx_word' id='word_1_81' title='bbox 298 1433 513 1524; x_wconf 70' lang='grc' dir='ltr'><em>ἠμφιεσμένον</em></span> <span class='ocrx_word' id='word_1_82' title='bbox 533 1436 596 1501; x_wconf 68' lang='lat' dir='ltr'><strong>aina*</strong></span> <span class='ocrx_word' id='word_1_83' title='bbox 620 1437 806 1522; x_wconf 89' lang='grc' dir='ltr'><em>μαργάρων,</em></span> <span class='ocrx_word' id='word_1_84' title='bbox 828 1431 858 1497; x_wconf 78' lang='grc' dir='ltr'><em>οδ</em></span> <span class='ocrx_word' id='word_1_85' title='bbox 877 1437 913 1498; x_wconf 80' lang='grc' dir='ltr'><em>δὲ</em></span> <span class='ocrx_word' id='word_1_86' title='bbox 942 1429 1102 1514; x_wconf 78' lang='grc' dir='ltr'><em>πατρίκιοι</em></span> <span class='ocrx_word' id='word_1_87' title='bbox 1120 1421 1222 1490; x_wconf 80' lang='grc' dir='ltr'><em>καλοῖ</em></span> <span class='ocrx_word' id='word_1_88' title='bbox 1245 1415 1305 1508; x_wconf 80' lang='grc' dir='ltr'><em>άρ-</em></span> 
     </span>
     <span class='ocr_line' id='line_1_12' title="bbox 200 1526 1304 1618; baseline -0.012 -22"><span class='ocrx_word' id='word_1_89' title='bbox 200 1557 312 1617; x_wconf 88' lang='grc' dir='ltr'><em>χοντες</em></span> <span class='ocrx_word' id='word_1_90' title='bbox 332 1541 389 1600; x_wconf 83' lang='grc' dir='ltr'><em>τοῦ</em></span> <span class='ocrx_word' id='word_1_91' title='bbox 409 1538 633 1618; x_wconf 67' lang='grc' dir='ltr'><em>κονβονκλείου</em></span> <span class='ocrx_word' id='word_1_92' title='bbox 666 1533 764 1618; x_wconf 90' lang='grc' dir='ltr'><em>σαγία</em></span> <span class='ocrx_word' id='word_1_93' title='bbox 788 1529 935 1616; x_wconf 83' lang='grc' dir='ltr'><em>άληθινά.</em></span> <span class='ocrx_word' id='word_1_94' title='bbox 978 1526 1033 1592; x_wconf 86' lang='grc' dir='ltr'><em>καί</em></span> <span class='ocrx_word' id='word_1_95' title='bbox 1055 1529 1110 1610; x_wconf 79' lang='grc' dir='ltr'><em>τῆς</em></span> <span class='ocrx_word' id='word_1_96' title='bbox 1129 1527 1222 1598; x_wconf 79' lang='grc' dir='ltr'><em>θτίας</em></span> <span class='ocrx_word' id='word_1_97' title='bbox 1241 1527 1304 1584; x_wconf 87' lang='grc' dir='ltr'><em>λει-</em></span> 
     </span>
     <span class='ocr_line' id='line_1_13' title="bbox 201 1622 1305 1717; baseline -0.013 -22"><span class='ocrx_word' id='word_1_98' title='bbox 201 1636 351 1717; x_wconf 88' lang='grc' dir='ltr'><em>τουργιάς</em></span> <span class='ocrx_word' id='word_1_99' title='bbox 373 1638 593 1717; x_wconf 72' lang='grc' dir='ltr'><em>τελεσθείσης,</em></span> <span class='ocrx_word' id='word_1_100' title='bbox 614 1633 785 1717; x_wconf 87' lang='grc' dir='ltr'><em>άνέρχεται</em></span> <span class='ocrx_word' id='word_1_101' title='bbox 809 1629 826 1695; x_wconf 81' lang='grc' dir='ltr'>ὅ</span> <span class='ocrx_word' id='word_1_102' title='bbox 847 1624 1062 1713; x_wconf 84' lang='grc' dir='ltr'><em>πατριάρχης,</em></span> <span class='ocrx_word' id='word_1_103' title='bbox 1092 1622 1150 1688; x_wconf 87' lang='grc' dir='ltr'><em>καί</em></span> <span class='ocrx_word' id='word_1_104' title='bbox 1168 1644 1305 1706; x_wconf 87' lang='grc' dir='ltr'><em>προσκυ-</em></span> 
     </span>
     <span class='ocr_line' id='line_1_14' title="bbox 201 1717 1305 1814; baseline -0.011 -22"><span class='ocrx_word' id='word_1_105' title='bbox 201 1729 354 1812; x_wconf 79' lang='grc' dir='ltr'><em>νησαντες</em></span> <span class='ocrx_word' id='word_1_106' title='bbox 383 1726 541 1814; x_wconf 80' lang='grc' dir='ltr'><em>άλληλους</em></span> <span class='ocrx_word' id='word_1_107' title='bbox 570 1727 636 1810; x_wconf 84' lang='grc' dir='ltr'><em>δ’,το</em></span> <span class='ocrx_word' id='word_1_108' title='bbox 664 1729 817 1812; x_wconf 82' lang='grc' dir='ltr'><em>βασιλεδς</em></span> <span class='ocrx_word' id='word_1_109' title='bbox 851 1726 906 1790; x_wconf 84' lang='grc' dir='ltr'><em>καί</em></span> <span class='ocrx_word' id='word_1_110' title='bbox 929 1725 946 1790; x_wconf 82' lang='grc' dir='ltr'><em>ά</em></span> <span class='ocrx_word' id='word_1_111' title='bbox 970 1723 1178 1808; x_wconf 82' lang='grc' dir='ltr'><em>πατριάρχης,</em></span> <span class='ocrx_word' id='word_1_112' title='bbox 1202 1717 1305 1782; x_wconf 81' lang='grc' dir='ltr'><em>ἐπιδί-</em></span> 
     </span>
     <span class='ocr_line' id='line_1_15' title="bbox 203 1815 1305 1914; baseline -0.011 -26"><span class='ocrx_word' id='word_1_113' title='bbox 203 1830 283 1889; x_wconf 91' lang='grc' dir='ltr'><em>δωσι</em></span> <span class='ocrx_word' id='word_1_114' title='bbox 304 1831 348 1914; x_wconf 70' lang='grc' dir='ltr'><em>τῷ</em></span> <span class='ocrx_word' id='word_1_115' title='bbox 365 1834 496 1909; x_wconf 80' lang='grc' dir='ltr'><em>βασιλεῖ</em></span> <span class='ocrx_word' id='word_1_116' title='bbox 514 1829 678 1908; x_wconf 74' lang='grc' dir='ltr'><em>εὐλογίας,</em></span> <span class='ocrx_word' id='word_1_117' title='bbox 713 1823 730 1890; x_wconf 81' lang='grc' dir='ltr'>ὅ</span> <span class='ocrx_word' id='word_1_118' title='bbox 756 1829 792 1890; x_wconf 82' lang='grc' dir='ltr'><em>δὲ</em></span> <span class='ocrx_word' id='word_1_119' title='bbox 819 1821 973 1906; x_wconf 73' lang='grc' dir='ltr'><em>βασιλεῦς</em></span> <span class='ocrx_word' id='word_1_120' title='bbox 1002 1821 1188 1885; x_wconf 72' lang='grc' dir='ltr'><em>ἐπιδίδωσιν</em></span> <span class='ocrx_word' id='word_1_121' title='bbox 1218 1815 1305 1904; x_wconf 81' lang='grc' dir='ltr'><em>αδτιρ</em></span> 
     </span>
     <span class='ocr_line' id='line_1_16' title="bbox 168 1912 1308 2010; baseline -0.008 -24"><span class='ocrx_word' id='word_1_122' title='bbox 168 1919 406 2005; x_wconf 70' lang='grc' dir='ltr'><em>ιὸάποκόμβιον,</em></span> <span class='ocrx_word' id='word_1_123' title='bbox 428 1922 445 1987; x_wconf 82' lang='grc' dir='ltr'><em>δ</em></span> <span class='ocrx_word' id='word_1_124' title='bbox 471 1928 507 1989; x_wconf 84' lang='grc' dir='ltr'><em>δέ·</em></span> <span class='ocrx_word' id='word_1_125' title='bbox 525 1925 724 2009; x_wconf 87' lang='grc' dir='ltr'><em>πατριάρχης</em></span> <span class='ocrx_word' id='word_1_126' title='bbox 739 1927 784 2010; x_wconf 74' lang='grc' dir='ltr'><em>τῷ</em></span> <span class='ocrx_word' id='word_1_127' title='bbox 801 1927 931 2004; x_wconf 82' lang='grc' dir='ltr'><em>βασιλεῖ</em></span> <span class='ocrx_word' id='word_1_128' title='bbox 945 1917 1088 1984; x_wconf 84' lang='grc' dir='ltr'><em>άλειιιτά.</em></span> <span class='ocrx_word' id='word_1_129' title='bbox 1133 1918 1212 2002; x_wconf 79' lang='lat' dir='ltr'><em>(E)</em></span> <span class='ocrx_word' id='word_1_130' title='bbox 1236 1912 1308 1978; x_wconf 73' lang='grc' dir='ltr'><em>Κατ’</em></span> 
     </span>
     <span class='ocr_line' id='line_1_17' title="bbox 202 2009 1301 2108; baseline -0.012 -22"><span class='ocrx_word' id='word_1_131' title='bbox 202 2025 352 2108; x_wconf 83' lang='grc' dir='ltr'><em>στεφθείς</em></span> <span class='ocrx_word' id='word_1_132' title='bbox 375 2021 392 2086; x_wconf 87' lang='lat' dir='ltr'><em>o‘</em></span> <span class='ocrx_word' id='word_1_133' title='bbox 417 2021 570 2105; x_wconf 77' lang='grc' dir='ltr'><em>βασιλεδς</em></span> <span class='ocrx_word' id='word_1_134' title='bbox 600 2020 664 2085; x_wconf 77' lang='grc' dir='ltr'><em>ὑπὸ</em></span> <span class='ocrx_word' id='word_1_135' title='bbox 694 2026 753 2085; x_wconf 80' lang='grc' dir='ltr'><em>τοῦ</em></span> <span class='ocrx_word' id='word_1_136' title='bbox 775 2018 995 2104; x_wconf 88' lang='grc' dir='ltr'><em>πατριάρχου,</em></span> <span class='ocrx_word' id='word_1_137' title='bbox 1031 2015 1218 2097; x_wconf 82' lang='grc' dir='ltr'><em>κατέρχεται</em></span> <span class='ocrx_word' id='word_1_138' title='bbox 1247 2009 1301 2074; x_wconf 88' lang='grc' dir='ltr'><em>διά</em></span> 
     </span>
     <span class='ocr_line' id='line_1_18' title="bbox 202 2112 1304 2204; baseline -0.012 -21"><span class='ocrx_word' id='word_1_139' title='bbox 202 2124 262 2203; x_wconf 79' lang='grc' dir='ltr'><em>τῆς</em></span> <span class='ocrx_word' id='word_1_140' title='bbox 287 2123 413 2203; x_wconf 78' lang='grc' dir='ltr'><em>ξυλίνης</em></span> <span class='ocrx_word' id='word_1_141' title='bbox 443 2122 564 2196; x_wconf 89' lang='grc' dir='ltr'><em>σκάλας</em></span> <span class='ocrx_word' id='word_1_142' title='bbox 587 2124 647 2183; x_wconf 83' lang='grc' dir='ltr'><em>τοῦ</em></span> <span class='ocrx_word' id='word_1_143' title='bbox 683 2123 866 2204; x_wconf 85' lang='grc' dir='ltr'><em>γυναικίτον</em></span> <span class='ocrx_word' id='word_1_144' title='bbox 896 2119 956 2179; x_wconf 78' lang='grc' dir='ltr'><em>τοῦ</em></span> <span class='ocrx_word' id='word_1_145' title='bbox 985 2113 1153 2196; x_wconf 78' lang='grc' dir='ltr'><em>ἀριστεροῦ</em></span> <span class='ocrx_word' id='word_1_146' title='bbox 1175 2112 1304 2192; x_wconf 83' lang='grc' dir='ltr'><em>μέρους,</em></span> 
     </span>
     <span class='ocr_line' id='line_1_19' title="bbox 203 2209 1447 2307; baseline -0.013 -25"><span class='ocrx_word' id='word_1_147' title='bbox 203 2219 259 2283; x_wconf 83' lang='grc' dir='ltr'><em>καί</em></span> <span class='ocrx_word' id='word_1_148' title='bbox 275 2218 441 2282; x_wconf 77' lang='grc' dir='ltr'><em>κατελθών</em></span> <span class='ocrx_word' id='word_1_149' title='bbox 470 2216 510 2282; x_wconf 86' lang='grc' dir='ltr'><em>τά</em></span> <span class='ocrx_word' id='word_1_150' title='bbox 530 2214 689 2302; x_wconf 74' lang='grc' dir='ltr'><em>γραδηλια</em></span> <span class='ocrx_word' id='word_1_151' title='bbox 724 2222 780 2299; x_wconf 78' lang='grc' dir='ltr'><em>τῆς</em></span> <span class='ocrx_word' id='word_1_152' title='bbox 811 2213 926 2299; x_wconf 81' lang='grc' dir='ltr'><em>κόγχης</em></span> <span class='ocrx_word' id='word_1_153' title='bbox 948 2217 984 2278; x_wconf 82' lang='grc' dir='ltr'><em>ἐν</em></span> <span class='ocrx_word' id='word_1_154' title='bbox 1008 2215 1053 2300; x_wconf 73' lang='grc' dir='ltr'><em>τη]</em></span> <span class='ocrx_word' id='word_1_155' title='bbox 1082 2209 1355 2296; x_wconf 71' lang='grc' dir='ltr'><em>διδασκαλειίρ,ηηηΙ</em></span> <span class='ocrx_word' id='word_1_156' title='bbox 1374 2235 1447 2307; x_wconf 48' lang='grc' dir='ltr'><em>[χω</em></span> 
     </span>
     <span class='ocr_line' id='line_1_20' title="bbox 204 2305 1306 2400; baseline -0.009 -22"><span class='ocrx_word' id='word_1_157' title='bbox 204 2315 260 2380; x_wconf 85' lang='grc' dir='ltr'><em>καί</em></span> <span class='ocrx_word' id='word_1_158' title='bbox 280 2313 362 2400; x_wconf 78' lang='grc' dir='ltr'><em>πρὸς</em></span> <span class='ocrx_word' id='word_1_159' title='bbox 377 2312 437 2400; x_wconf 74' lang='grc' dir='ltr'><em>την</em></span> <span class='ocrx_word' id='word_1_160' title='bbox 458 2312 633 2400; x_wconf 82' lang='grc' dir='ltr'><em>ἔξάγουσαν</em></span> <span class='ocrx_word' id='word_1_161' title='bbox 652 2318 706 2381; x_wconf 81' lang='grc' dir='ltr'><em>ἐπί</em></span> <span class='ocrx_word' id='word_1_162' title='bbox 727 2313 783 2379; x_wconf 83' lang='grc' dir='ltr'><em>τὸν</em></span> <span class='ocrx_word' id='word_1_163' title='bbox 800 2312 935 2396; x_wconf 74' lang='grc' dir='ltr'><em>ἔμβολον</em></span> <span class='ocrx_word' id='word_1_164' title='bbox 956 2309 1058 2396; x_wconf 80' lang='grc' dir='ltr'><em>πάλην</em></span> <span class='ocrx_word' id='word_1_165' title='bbox 1081 2306 1232 2389; x_wconf 75' lang='grc' dir='ltr'><em>ἐξελθών,</em></span> <span class='ocrx_word' id='word_1_166' title='bbox 1253 2305 1306 2372; x_wconf 75' lang='grc' dir='ltr'><em>ἱπ-</em></span> 
     </span>
     <span class='ocr_line' id='line_1_21' title="bbox 168 2402 1306 2497; baseline -0.009 -21"><span class='ocrx_word' id='word_1_167' title='bbox 168 2416 297 2478; x_wconf 76' lang='grc' dir='ltr'><em>τοπεύει</em></span> <span class='ocrx_word' id='word_1_168' title='bbox 321 2418 442 2496; x_wconf 76' lang='grc' dir='ltr'><em>ἐκεῖσε,</em></span> <span class='ocrx_word' id='word_1_169' title='bbox 472 2411 627 2488; x_wconf 73' lang='grc' dir='ltr'><em>ὡσαύτως</em></span> <span class='ocrx_word' id='word_1_170' title='bbox 648 2413 705 2478; x_wconf 79' lang='grc' dir='ltr'><em>καὶ</em></span> <span class='ocrx_word' id='word_1_171' title='bbox 731 2412 761 2476; x_wconf 80' lang='lat' dir='ltr'><em>ol</em></span> <span class='ocrx_word' id='word_1_172' title='bbox 789 2402 997 2497; x_wconf 76' lang='grc' dir='ltr'><em>πραιπδσιτοι</em></span> <span class='ocrx_word' id='word_1_173' title='bbox 1017 2413 1072 2475; x_wconf 87' lang='grc' dir='ltr'><em>καί</em></span> <span class='ocrx_word' id='word_1_174' title='bbox 1098 2407 1128 2472; x_wconf 81' lang='grc' dir='ltr'><em>οἱ</em></span> <span class='ocrx_word' id='word_1_175' title='bbox 1150 2404 1306 2489; x_wconf 83' lang='grc' dir='ltr'><em>δστιάριοι</em></span> 
     </span>
     <span class='ocr_line' id='line_1_22' title="bbox 206 2506 1306 2594; baseline -0.008 -18"><span class='ocrx_word' id='word_1_176' title='bbox 206 2517 261 2578; x_wconf 84' lang='grc' dir='ltr'><em>καί</em></span> <span class='ocrx_word' id='word_1_177' title='bbox 280 2511 310 2575; x_wconf 78' lang='grc' dir='ltr'><em>οἱ</em></span> <span class='ocrx_word' id='word_1_178' title='bbox 329 2513 437 2576; x_wconf 84' lang='grc' dir='ltr'><em>λοιποί</em></span> <span class='ocrx_word' id='word_1_179' title='bbox 458 2510 584 2588; x_wconf 75' lang='grc' dir='ltr'><em>πάντες.</em></span> <span class='ocrx_word' id='word_1_180' title='bbox 624 2507 642 2576; x_wconf 84' lang='grc' dir='ltr'><strong><em>ὃ</em></strong></span> <span class='ocrx_word' id='word_1_181' title='bbox 664 2515 699 2577; x_wconf 80' lang='grc' dir='ltr'><em>δὲ</em></span> <span class='ocrx_word' id='word_1_182' title='bbox 720 2513 777 2594; x_wconf 74' lang='grc' dir='ltr'><em>τῆς</em></span> <span class='ocrx_word' id='word_1_183' title='bbox 798 2509 1038 2590; x_wconf 83' lang='grc' dir='ltr'><em>καταστάσεως,</em></span> <span class='ocrx_word' id='word_1_184' title='bbox 1069 2509 1176 2592; x_wconf 75' lang='grc' dir='ltr'><em>φορῶν</em></span> <span class='ocrx_word' id='word_1_185' title='bbox 1194 2506 1306 2587; x_wconf 86' lang='grc' dir='ltr'><em>σαγίον</em></span> 
     </span>
     <span class='ocr_line' id='line_1_23' title="bbox 205 2602 1307 2696; baseline -0.007 -22"><span class='ocrx_word' id='word_1_186' title='bbox 205 2610 370 2696; x_wconf 86' lang='grc' dir='ltr'><em>άληθινδν,</em></span> <span class='ocrx_word' id='word_1_187' title='bbox 392 2611 553 2696; x_wconf 82' lang='grc' dir='ltr'><em>δηριγεάει</em></span> <span class='ocrx_word' id='word_1_188' title='bbox 574 2609 756 2696; x_wconf 80' lang='grc' dir='ltr'><em>ἔμπροσθεν</em></span> <span class='ocrx_word' id='word_1_189' title='bbox 779 2613 840 2675; x_wconf 80' lang='grc' dir='ltr'><em>τοῦ</em></span> <span class='ocrx_word' id='word_1_190' title='bbox 864 2607 1022 2690; x_wconf 79' lang='grc' dir='ltr'><em>βασιλέως</em></span> <span class='ocrx_word' id='word_1_191' title='bbox 1043 2603 1153 2687; x_wconf 79' lang='grc' dir='ltr'><em>πεζάς,</em></span> <span class='ocrx_word' id='word_1_192' title='bbox 1173 2607 1230 2670; x_wconf 82' lang='grc' dir='ltr'><em>καί</em></span> <span class='ocrx_word' id='word_1_193' title='bbox 1250 2602 1307 2683; x_wconf 77' lang='grc' dir='ltr'><em>ἑμ-</em></span> 
     </span>
     <span class='ocr_line' id='line_1_24' title="bbox 206 2701 1305 2795; baseline -0.005 -24"><span class='ocrx_word' id='word_1_194' title='bbox 206 2713 346 2795; x_wconf 81' lang='grc' dir='ltr'><em>προοθεν</em></span> <span class='ocrx_word' id='word_1_195' title='bbox 366 2709 471 2772; x_wconf 72' lang='grc' dir='ltr'><em>αὐτοῦ</em></span> <span class='ocrx_word' id='word_1_196' title='bbox 492 2709 699 2794; x_wconf 83' lang='grc' dir='ltr'><em>σιλεντιάριοι</em></span> <span class='ocrx_word' id='word_1_197' title='bbox 720 2712 889 2794; x_wconf 81' lang='grc' dir='ltr'><em>τέτταρες,</em></span> <span class='ocrx_word' id='word_1_198' title='bbox 919 2709 1089 2794; x_wconf 76' lang='grc' dir='ltr'><em>φοροῦντες</em></span> <span class='ocrx_word' id='word_1_199' title='bbox 1106 2707 1203 2786; x_wconf 91' lang='grc' dir='ltr'><em>σαγία</em></span> <span class='ocrx_word' id='word_1_200' title='bbox 1228 2701 1305 2787; x_wconf 81' lang='grc' dir='ltr'><em>άλη-</em></span> 
     </span>
     <span class='ocr_line' id='line_1_25' title="bbox 206 2798 1306 2893; baseline -0.005 -23"><span class='ocrx_word' id='word_1_201' title='bbox 206 2805 293 2889; x_wconf 86' lang='grc' dir='ltr'><em>θινά,</em></span> <span class='ocrx_word' id='word_1_202' title='bbox 313 2807 526 2890; x_wconf 81' lang='grc' dir='ltr'><em>βαστάζοντες</em></span> <span class='ocrx_word' id='word_1_203' title='bbox 548 2813 662 2892; x_wconf 76' lang='grc' dir='ltr'><em>βεργιά</em></span> <span class='ocrx_word' id='word_1_204' title='bbox 679 2810 790 2893; x_wconf 80' lang='grc' dir='ltr'><em>χρυσοῖ</em></span> <span class='ocrx_word' id='word_1_205' title='bbox 813 2805 958 2873; x_wconf 76' lang='grc' dir='ltr'><em>διάλιθα.</em></span> <span class='ocrx_word' id='word_1_206' title='bbox 1001 2807 1056 2870; x_wconf 81' lang='grc' dir='ltr'><em>καί</em></span> <span class='ocrx_word' id='word_1_207' title='bbox 1074 2798 1306 2886; x_wconf 70' lang='grc' dir='ltr'><em>καταλαβόντος</em></span> 
     </span>
    </p>
   </div>
   <div class='ocr_carea' id='block_1_3' title="bbox 274 2948 927 3021">
    <p class='ocr_par' dir='ltr' id='par_1_3' title="bbox 274 2948 927 3021">
     <span class='ocr_line' id='line_1_26' title="bbox 274 2948 927 3021; baseline -0.002 -20"><span class='ocrx_word' id='word_1_208' title='bbox 274 2951 319 3001; x_wconf 77' lang='grc' dir='ltr'><em>ο3.</em></span> <span class='ocrx_word' id='word_1_209' title='bbox 337 2949 472 3018; x_wconf 72' lang='grc' dir='ltr'><em>τέτταρες</em></span> <span class='ocrx_word' id='word_1_210' title='bbox 485 2951 515 3000; x_wconf 84' lang='lat' dir='ltr'><em>Il.</em></span> <span class='ocrx_word' id='word_1_211' title='bbox 534 2966 569 3002; x_wconf 83' lang='lat' dir='ltr'><strong>ex</strong></span> <span class='ocrx_word' id='word_1_212' title='bbox 586 2952 655 3021; x_wconf 77' lang='lat' dir='ltr'><strong>sigla</strong></span> <span class='ocrx_word' id='word_1_213' title='bbox 673 2951 736 3004; x_wconf 86' lang='lat' dir='ltr'><strong>cod.</strong></span> <span class='ocrx_word' id='word_1_214' title='bbox 753 2950 794 3016; x_wconf 82' lang='grc' dir='ltr'><em>ιλ,</em></span> <span class='ocrx_word' id='word_1_215' title='bbox 812 2948 865 3002; x_wconf 70' lang='grc' dir='ltr'><em>δύο</em></span> <span class='ocrx_word' id='word_1_216' title='bbox 885 2949 927 3000; x_wconf 75' lang='lat' dir='ltr'><strong>ut</strong></span> 
     </span>
    </p>
   </div>
   <div class='ocr_carea' id='block_1_4' title="bbox 206 3065 1386 4320">
    <p class='ocr_par' dir='ltr' id='par_1_4' title="bbox 206 3065 1386 4320">
     <span class='ocr_line' id='line_1_27' title="bbox 206 3065 1307 3140; baseline 0.004 -26"><span class='ocrx_word' id='word_1_217' title='bbox 206 3079 311 3115; x_wconf 85' lang='lat' dir='ltr'><strong>sacram</strong></span> <span class='ocrx_word' id='word_1_218' title='bbox 329 3065 471 3131; x_wconf 70' lang='lat' dir='ltr'>liturgiam</span> <span class='ocrx_word' id='word_1_219' title='bbox 495 3065 541 3116; x_wconf 86' lang='lat' dir='ltr'><em>hie</em></span> <span class='ocrx_word' id='word_1_220' title='bbox 567 3085 681 3140; x_wconf 81' lang='lat' dir='ltr'><strong>quoque</strong></span> <span class='ocrx_word' id='word_1_221' title='bbox 699 3069 905 3134; x_wconf 81' lang='lat' dir='ltr'><strong>celebraturus,</strong></span> <span class='ocrx_word' id='word_1_222' title='bbox 928 3066 995 3118; x_wconf 78' lang='lat' dir='ltr'><strong>abit</strong></span> <span class='ocrx_word' id='word_1_223' title='bbox 1039 3067 1176 3136; x_wconf 83' lang='lat' dir='ltr'><strong>Tempore</strong></span> <span class='ocrx_word' id='word_1_224' title='bbox 1197 3066 1307 3120; x_wconf 76' lang='lat' dir='ltr'><strong>divinas</strong></span> 
     </span>
     <span class='ocr_line' id='line_1_28' title="bbox 207 3134 1308 3208; baseline 0.001 -21"><span class='ocrx_word' id='word_1_225' title='bbox 207 3135 412 3202; x_wconf 77' lang='lat' dir='ltr'><strong>communionis</strong></span> <span class='ocrx_word' id='word_1_226' title='bbox 431 3134 486 3187; x_wconf 81' lang='lat' dir='ltr'><strong>cluo</strong></span> <span class='ocrx_word' id='word_1_227' title='bbox 510 3136 660 3187; x_wconf 87' lang='lat' dir='ltr'><strong>silentiarii</strong></span> <span class='ocrx_word' id='word_1_228' title='bbox 680 3137 716 3187; x_wconf 81' lang='lat' dir='ltr'><em>acl</em></span> <span class='ocrx_word' id='word_1_229' title='bbox 736 3135 922 3204; x_wconf 79' lang='lat' dir='ltr'><strong>patriarcham</strong></span> <span class='ocrx_word' id='word_1_230' title='bbox 945 3134 1097 3187; x_wconf 81' lang='lat' dir='ltr'><strong>vocandum</strong></span> <span class='ocrx_word' id='word_1_231' title='bbox 1116 3135 1237 3198; x_wconf 78' lang='lat' dir='ltr'><strong>abeunt,</strong></span> <span class='ocrx_word' id='word_1_232' title='bbox 1258 3137 1308 3208; x_wconf 86' lang='lat' dir='ltr'><strong>qui</strong></span> 
     </span>
     <span class='ocr_line' id='line_1_29' title="bbox 206 3203 1309 3274; baseline 0.004 -22"><span class='ocrx_word' id='word_1_233' title='bbox 206 3203 331 3254; x_wconf 80' lang='lat' dir='ltr'><strong>aseendit</strong></span> <span class='ocrx_word' id='word_1_234' title='bbox 344 3211 374 3255; x_wconf 79' lang='lat' dir='ltr'><em>et</em></span> <span class='ocrx_word' id='word_1_235' title='bbox 397 3205 559 3272; x_wconf 87' lang='lat' dir='ltr'><strong>Imperatori</strong></span> <span class='ocrx_word' id='word_1_236' title='bbox 579 3212 705 3256; x_wconf 85' lang='lat' dir='ltr'><strong>sanctum</strong></span> <span class='ocrx_word' id='word_1_237' title='bbox 727 3221 827 3274; x_wconf 88' lang='lat' dir='ltr'><strong>corpus</strong></span> <span class='ocrx_word' id='word_1_238' title='bbox 849 3214 878 3256; x_wconf 90' lang='lat' dir='ltr'><strong>ct</strong></span> <span class='ocrx_word' id='word_1_239' title='bbox 901 3207 1053 3272; x_wconf 85' lang='lat' dir='ltr'><strong>pretiosum</strong></span> <span class='ocrx_word' id='word_1_240' title='bbox 1076 3207 1236 3272; x_wconf 73' lang='lat' dir='ltr'><strong>sanguinem</strong></span> <span class='ocrx_word' id='word_1_241' title='bbox 1255 3205 1309 3256; x_wconf 86' lang='lat' dir='ltr'><strong>inr-</strong></span> 
     </span>
     <span class='ocr_line' id='line_1_30' title="bbox 206 3274 1307 3343; baseline 0.003 -20"><span class='ocrx_word' id='word_1_242' title='bbox 206 3274 299 3342; x_wconf 74' lang='lat' dir='ltr'><strong>pertit„</strong></span> <span class='ocrx_word' id='word_1_243' title='bbox 336 3274 401 3325; x_wconf 82' lang='lat' dir='ltr'><strong>Post</strong></span> <span class='ocrx_word' id='word_1_244' title='bbox 413 3277 635 3325; x_wconf 82' lang='lat' dir='ltr'><strong>communionem</strong></span> <span class='ocrx_word' id='word_1_245' title='bbox 655 3277 808 3343; x_wconf 74' lang='lat' dir='ltr'><strong>Imperator</strong></span> <span class='ocrx_word' id='word_1_246' title='bbox 828 3274 1006 3325; x_wconf 85' lang='lat' dir='ltr'><strong>metatoriam</strong></span> <span class='ocrx_word' id='word_1_247' title='bbox 1029 3274 1132 3333; x_wconf 84' lang='lat' dir='ltr'><strong>intrat,</strong></span> <span class='ocrx_word' id='word_1_248' title='bbox 1150 3283 1177 3324; x_wconf 87' lang='lat' dir='ltr'><strong>ct</strong></span> <span class='ocrx_word' id='word_1_249' title='bbox 1190 3275 1307 3326; x_wconf 83' lang='lat' dir='ltr'><strong>cerimo-</strong></span> 
     </span>
     <span class='ocr_line' id='line_1_31' title="bbox 206 3342 1308 3414; baseline 0.004 -22"><span class='ocrx_word' id='word_1_250' title='bbox 206 3342 324 3403; x_wconf 86' lang='lat' dir='ltr'><strong>niarlus‚</strong></span> <span class='ocrx_word' id='word_1_251' title='bbox 341 3343 421 3410; x_wconf 82' lang='lat' dir='ltr'><strong>signo</strong></span> <span class='ocrx_word' id='word_1_252' title='bbox 437 3360 453 3394; x_wconf 89' lang='lat' dir='ltr'><em>a</em></span> <span class='ocrx_word' id='word_1_253' title='bbox 467 3347 625 3412; x_wconf 86' lang='lat' dir='ltr'><strong>praeposito</strong></span> <span class='ocrx_word' id='word_1_254' title='bbox 640 3353 764 3412; x_wconf 87' lang='lat' dir='ltr'><strong>accepto,</strong></span> <span class='ocrx_word' id='word_1_255' title='bbox 783 3359 877 3394; x_wconf 88' lang='lat' dir='ltr'><strong>onmes</strong></span> <span class='ocrx_word' id='word_1_256' title='bbox 895 3351 1034 3394; x_wconf 73' lang='lat' dir='ltr'><strong>senatores</strong></span> <span class='ocrx_word' id='word_1_257' title='bbox 1050 3351 1139 3406; x_wconf 78' lang='lat' dir='ltr'><strong>vocat,</strong></span> <span class='ocrx_word' id='word_1_258' title='bbox 1158 3345 1206 3414; x_wconf 91' lang='lat' dir='ltr'><strong>qui</strong></span> <span class='ocrx_word' id='word_1_259' title='bbox 1223 3359 1308 3396; x_wconf 85' lang='lat' dir='ltr'><strong>ema-</strong></span> 
     </span>
     <span class='ocr_line' id='line_1_32' title="bbox 207 3411 1308 3482; baseline 0.001 -19"><span class='ocrx_word' id='word_1_260' title='bbox 207 3412 290 3464; x_wconf 85' lang='lat' dir='ltr'><strong>nibas</strong></span> <span class='ocrx_word' id='word_1_261' title='bbox 306 3411 479 3480; x_wconf 74' lang='lat' dir='ltr'><strong>patriarchae</strong></span> <span class='ocrx_word' id='word_1_262' title='bbox 497 3414 719 3464; x_wconf 87' lang='lat' dir='ltr'><strong>communionem</strong></span> <span class='ocrx_word' id='word_1_263' title='bbox 739 3413 889 3481; x_wconf 81' lang='lat' dir='ltr'><strong>accipiunt.</strong></span> <span class='ocrx_word' id='word_1_264' title='bbox 931 3414 976 3465; x_wconf 89' lang='lat' dir='ltr'><strong>Sic</strong></span> <span class='ocrx_word' id='word_1_265' title='bbox 998 3413 1171 3464; x_wconf 83' lang='lat' dir='ltr'><strong>emetatorio</strong></span> <span class='ocrx_word' id='word_1_266' title='bbox 1188 3415 1308 3482; x_wconf 86' lang='lat' dir='ltr'><strong>Impera·</strong></span> 
     </span>
     <span class='ocr_line' id='line_1_33' title="bbox 209 3479 1306 3553; baseline 0.001 -21"><span class='ocrx_word' id='word_1_267' title='bbox 209 3491 253 3532; x_wconf 91' lang='lat' dir='ltr'><em>tor</em></span> <span class='ocrx_word' id='word_1_268' title='bbox 264 3480 420 3548; x_wconf 77' lang='lat' dir='ltr'><strong>egreditur,</strong></span> <span class='ocrx_word' id='word_1_269' title='bbox 445 3489 474 3531; x_wconf 89' lang='lat' dir='ltr'><em>et</em></span> <span class='ocrx_word' id='word_1_270' title='bbox 492 3492 639 3553; x_wconf 86' lang='lat' dir='ltr'><strong>postquam</strong></span> <span class='ocrx_word' id='word_1_271' title='bbox 657 3484 717 3552; x_wconf 87' lang='lat' dir='ltr'><strong>ipse</strong></span> <span class='ocrx_word' id='word_1_272' title='bbox 738 3490 767 3532; x_wconf 78' lang='lat' dir='ltr'><em>et</em></span> <span class='ocrx_word' id='word_1_273' title='bbox 780 3479 937 3551; x_wconf 81' lang='lat' dir='ltr'><strong>patriarcha</strong></span> <span class='ocrx_word' id='word_1_274' title='bbox 961 3499 989 3533; x_wconf 87' lang='lat' dir='ltr'><strong>se</strong></span> <span class='ocrx_word' id='word_1_275' title='bbox 1005 3483 1120 3532; x_wconf 81' lang='lat' dir='ltr'><strong>Ianecnt</strong></span> <span class='ocrx_word' id='word_1_276' title='bbox 1136 3481 1306 3545; x_wconf 71' lang='lat' dir='ltr'><strong>salutarunt,</strong></span> 
     </span>
     <span class='ocr_line' id='line_1_34' title="bbox 208 3549 1307 3620; baseline 0.003 -21"><span class='ocrx_word' id='word_1_277' title='bbox 208 3549 254 3601; x_wconf 83' lang='lat' dir='ltr'><strong>laic</strong></span> <span class='ocrx_word' id='word_1_278' title='bbox 266 3553 304 3603; x_wconf 81' lang='lat' dir='ltr'><em>ad</em></span> <span class='ocrx_word' id='word_1_279' title='bbox 322 3550 444 3600; x_wconf 83' lang='lat' dir='ltr'><strong>divinam</strong></span> <span class='ocrx_word' id='word_1_280' title='bbox 455 3552 594 3618; x_wconf 75' lang='lat' dir='ltr'><strong>liturgiam</strong></span> <span class='ocrx_word' id='word_1_281' title='bbox 608 3551 800 3603; x_wconf 72' lang='lat' dir='ltr'><strong>celebrandam</strong></span> <span class='ocrx_word' id='word_1_282' title='bbox 814 3551 965 3614; x_wconf 80' lang='lat' dir='ltr'><strong>deseendit,</strong></span> <span class='ocrx_word' id='word_1_283' title='bbox 983 3553 1135 3620; x_wconf 77' lang='lat' dir='ltr'><strong>Imperator</strong></span> <span class='ocrx_word' id='word_1_284' title='bbox 1154 3566 1307 3604; x_wconf 84' lang='lat' dir='ltr'><strong>scaraman-</strong></span> 
     </span>
     <span class='ocr_line' id='line_1_35' title="bbox 208 3620 1305 3692; baseline 0.002 -22"><span class='ocrx_word' id='word_1_285' title='bbox 208 3623 283 3688; x_wconf 73' lang='lat' dir='ltr'><strong>gium</strong></span> <span class='ocrx_word' id='word_1_286' title='bbox 305 3620 399 3669; x_wconf 84' lang='lat' dir='ltr'><strong>aurcis</strong></span> <span class='ocrx_word' id='word_1_287' title='bbox 424 3621 506 3672; x_wconf 87' lang='lat' dir='ltr'><strong>elaris</strong></span> <span class='ocrx_word' id='word_1_288' title='bbox 525 3621 620 3672; x_wconf 84' lang='lat' dir='ltr'><strong>induit</strong></span> <span class='ocrx_word' id='word_1_289' title='bbox 651 3635 800 3692; x_wconf 82' lang='lat' dir='ltr'><strong>ensemque</strong></span> <span class='ocrx_word' id='word_1_290' title='bbox 824 3622 937 3686; x_wconf 69' lang='lat' dir='ltr'><strong>gerarum</strong></span> <span class='ocrx_word' id='word_1_291' title='bbox 966 3627 995 3672; x_wconf 84' lang='lat' dir='ltr'><em>et</em></span> <span class='ocrx_word' id='word_1_292' title='bbox 1012 3621 1164 3686; x_wconf 72' lang='lat' dir='ltr'><strong>margaritis</strong></span> <span class='ocrx_word' id='word_1_293' title='bbox 1179 3629 1305 3677; x_wconf 88' lang='lat' dir='ltr'><strong>ornatum</strong></span> 
     </span>
     <span class='ocr_line' id='line_1_36' title="bbox 210 3689 1308 3760; baseline 0.003 -20"><span class='ocrx_word' id='word_1_294' title='bbox 210 3691 309 3752; x_wconf 78' lang='lat' dir='ltr'><strong>samit3</strong></span> <span class='ocrx_word' id='word_1_295' title='bbox 328 3690 440 3756; x_wconf 86' lang='lat' dir='ltr'><strong>patricii</strong></span> <span class='ocrx_word' id='word_1_296' title='bbox 453 3705 517 3741; x_wconf 85' lang='lat' dir='ltr'><strong>vcro</strong></span> <span class='ocrx_word' id='word_1_297' title='bbox 530 3699 560 3743; x_wconf 85' lang='lat' dir='ltr'><em>et</em></span> <span class='ocrx_word' id='word_1_298' title='bbox 571 3689 702 3743; x_wconf 87' lang='lat' dir='ltr'><strong>eubiculo</strong></span> <span class='ocrx_word' id='word_1_299' title='bbox 715 3691 849 3760; x_wconf 83' lang='lat' dir='ltr'><strong>praelecti</strong></span> <span class='ocrx_word' id='word_1_300' title='bbox 862 3709 925 3758; x_wconf 74' lang='lat' dir='ltr'><strong>suga</strong></span> <span class='ocrx_word' id='word_1_301' title='bbox 944 3705 1081 3760; x_wconf 86' lang='lat' dir='ltr'><strong>purpurea</strong></span> <span class='ocrx_word' id='word_1_302' title='bbox 1101 3697 1217 3758; x_wconf 77' lang='lat' dir='ltr'><strong>gestant.</strong></span> <span class='ocrx_word' id='word_1_303' title='bbox 1259 3691 1308 3743; x_wconf 86' lang='lat' dir='ltr'><strong>Fi-</strong></span> 
     </span>
     <span class='ocr_line' id='line_1_37' title="bbox 209 3758 1308 3831; baseline -0.001 -22"><span class='ocrx_word' id='word_1_304' title='bbox 209 3761 268 3810; x_wconf 84' lang='lat' dir='ltr'><strong>nita</strong></span> <span class='ocrx_word' id='word_1_305' title='bbox 286 3758 380 3810; x_wconf 82' lang='lat' dir='ltr'><strong>divina</strong></span> <span class='ocrx_word' id='word_1_306' title='bbox 399 3759 528 3824; x_wconf 73' lang='lat' dir='ltr'><strong>liturgia,</strong></span> <span class='ocrx_word' id='word_1_307' title='bbox 546 3760 701 3828; x_wconf 83' lang='lat' dir='ltr'><strong>patriarcha</strong></span> <span class='ocrx_word' id='word_1_308' title='bbox 731 3759 870 3822; x_wconf 86' lang='lat' dir='ltr'><strong>ascendit,</strong></span> <span class='ocrx_word' id='word_1_309' title='bbox 904 3769 1012 3831; x_wconf 85' lang='lat' dir='ltr'><strong>etpost</strong></span> <span class='ocrx_word' id='word_1_310' title='bbox 1029 3760 1308 3812; x_wconf 82' lang='lat' dir='ltr'><strong>rnrrtusursalutstin-</strong></span> 
     </span>
     <span class='ocr_line' id='line_1_38' title="bbox 210 3828 1307 3899; baseline 0.001 -20"><span class='ocrx_word' id='word_1_311' title='bbox 210 3846 272 3879; x_wconf 78' lang='lat' dir='ltr'><em>nem</em></span> <span class='ocrx_word' id='word_1_312' title='bbox 289 3837 318 3879; x_wconf 84' lang='lat' dir='ltr'><em>et</em></span> <span class='ocrx_word' id='word_1_313' title='bbox 329 3828 521 3880; x_wconf 82' lang='lat' dir='ltr'><strong>adorationem</strong></span> <span class='ocrx_word' id='word_1_314' title='bbox 538 3832 699 3899; x_wconf 79' lang='lat' dir='ltr'><strong>Imperatori</strong></span> <span class='ocrx_word' id='word_1_315' title='bbox 718 3830 895 3881; x_wconf 71' lang='lat' dir='ltr'><strong>benedictum</strong></span> <span class='ocrx_word' id='word_1_316' title='bbox 915 3845 1031 3899; x_wconf 78' lang='lat' dir='ltr'><strong>punctu,</strong></span> <span class='ocrx_word' id='word_1_317' title='bbox 1049 3828 1096 3880; x_wconf 89' lang='lat' dir='ltr'><strong>hic</strong></span> <span class='ocrx_word' id='word_1_318' title='bbox 1112 3830 1165 3896; x_wconf 86' lang='lat' dir='ltr'><strong>Ipsi</strong></span> <span class='ocrx_word' id='word_1_319' title='bbox 1179 3846 1307 3897; x_wconf 81' lang='lat' dir='ltr'><strong>aponum-</strong></span> 
     </span>
     <span class='ocr_line' id='line_1_39' title="bbox 211 3897 1308 3969; baseline 0.004 -23"><span class='ocrx_word' id='word_1_320' title='bbox 211 3897 305 3958; x_wconf 83' lang='lat' dir='ltr'><strong>bimn,</strong></span> <span class='ocrx_word' id='word_1_321' title='bbox 324 3897 478 3967; x_wconf 83' lang='lat' dir='ltr'><strong>patriarcha</strong></span> <span class='ocrx_word' id='word_1_322' title='bbox 494 3901 656 3968; x_wconf 82' lang='lat' dir='ltr'><strong>Imperatori</strong></span> <span class='ocrx_word' id='word_1_323' title='bbox 674 3909 814 3968; x_wconf 78' lang='lat' dir='ltr'><strong>unguenta</strong></span> <span class='ocrx_word' id='word_1_324' title='bbox 830 3901 923 3951; x_wconf 78' lang='lat' dir='ltr'><strong>tradit.</strong></span> <span class='ocrx_word' id='word_1_325' title='bbox 960 3900 1015 3969; x_wconf 83' lang='lat' dir='ltr'>(V.)</span> <span class='ocrx_word' id='word_1_326' title='bbox 1033 3901 1200 3968; x_wconf 78' lang='lat' dir='ltr'><strong>Imperator,</strong></span> <span class='ocrx_word' id='word_1_327' title='bbox 1225 3916 1308 3968; x_wconf 79' lang='lat' dir='ltr'><strong>apa-</strong></span> 
     </span>
     <span class='ocr_line' id='line_1_40' title="bbox 211 3967 1386 4039; baseline 0.001 -21"><span class='ocrx_word' id='word_1_328' title='bbox 211 3967 330 4019; x_wconf 84' lang='lat' dir='ltr'><strong>triarelaa</strong></span> <span class='ocrx_word' id='word_1_329' title='bbox 350 3977 512 4026; x_wconf 84' lang='lat' dir='ltr'><strong>coronatus.</strong></span> <span class='ocrx_word' id='word_1_330' title='bbox 530 3987 580 4039; x_wconf 84' lang='lat' dir='ltr'><em>per</em></span> <span class='ocrx_word' id='word_1_331' title='bbox 592 3971 612 4021; x_wconf 89' lang='lat' dir='ltr'><em>ii</em></span> <span class='ocrx_word' id='word_1_332' title='bbox 631 3987 710 4021; x_wconf 81' lang='lat' dir='ltr'><strong>nram</strong></span> <span class='ocrx_word' id='word_1_333' title='bbox 724 3972 824 4022; x_wconf 86' lang='lat' dir='ltr'><strong>scalam</strong></span> <span class='ocrx_word' id='word_1_334' title='bbox 836 3970 966 4038; x_wconf 76' lang='lat' dir='ltr'><strong>gynaecei</strong></span> <span class='ocrx_word' id='word_1_335' title='bbox 979 3970 1105 4020; x_wconf 82' lang='lat' dir='ltr'><strong>sinIstrae</strong></span> <span class='ocrx_word' id='word_1_336' title='bbox 1134 3971 1219 4036; x_wconf 81' lang='lat' dir='ltr'><strong>partis</strong></span> <span class='ocrx_word' id='word_1_337' title='bbox 1245 3986 1309 4038; x_wconf 88' lang='lat' dir='ltr'><strong>per·</strong></span> <span class='ocrx_word' id='word_1_338' title='bbox 1384 3997 1386 4000; x_wconf 95' lang='lat'>·</span> 
     </span>
     <span class='ocr_line' id='line_1_41' title="bbox 213 4036 1308 4108; baseline -0.001 -18"><span class='ocrx_word' id='word_1_339' title='bbox 213 4055 267 4107; x_wconf 79' lang='lat' dir='ltr'><strong>que</strong></span> <span class='ocrx_word' id='word_1_340' title='bbox 282 4036 383 4105; x_wconf 75' lang='lat' dir='ltr'><strong>gracias</strong></span> <span class='ocrx_word' id='word_1_341' title='bbox 405 4038 526 4090; x_wconf 79' lang='lat' dir='ltr'><strong>conchae</strong></span> <span class='ocrx_word' id='word_1_342' title='bbox 541 4040 576 4090; x_wconf 89' lang='lat' dir='ltr'><em>ad</em></span> <span class='ocrx_word' id='word_1_343' title='bbox 593 4040 773 4092; x_wconf 74' lang='lat' dir='ltr'><strong>‹lidareuliom</strong></span> <span class='ocrx_word' id='word_1_344' title='bbox 798 4040 954 4102; x_wconf 80' lang='lat' dir='ltr'><strong>deseendit,</strong></span> <span class='ocrx_word' id='word_1_345' title='bbox 982 4047 1010 4090; x_wconf 88' lang='lat' dir='ltr'><strong>ct</strong></span> <span class='ocrx_word' id='word_1_346' title='bbox 1028 4039 1064 4090; x_wconf 88' lang='lat' dir='ltr'><em>ad</em></span> <span class='ocrx_word' id='word_1_347' title='bbox 1079 4047 1185 4108; x_wconf 88' lang='lat' dir='ltr'><strong>portam</strong></span> <span class='ocrx_word' id='word_1_348' title='bbox 1205 4038 1234 4088; x_wconf 86' lang='lat' dir='ltr'><em>ia</em></span> <span class='ocrx_word' id='word_1_349' title='bbox 1250 4055 1308 4089; x_wconf 76' lang='lat' dir='ltr'><strong>oru-</strong></span> 
     </span>
     <span class='ocr_line' id='line_1_42' title="bbox 213 4104 1307 4178; baseline 0 -21"><span class='ocrx_word' id='word_1_350' title='bbox 213 4104 308 4158; x_wconf 87' lang='lat' dir='ltr'><strong>bolum</strong></span> <span class='ocrx_word' id='word_1_351' title='bbox 323 4123 373 4158; x_wconf 87' lang='lat' dir='ltr'><em>sea</em></span> <span class='ocrx_word' id='word_1_352' title='bbox 393 4110 532 4175; x_wconf 87' lang='lat' dir='ltr'><strong>porticum</strong></span> <span class='ocrx_word' id='word_1_353' title='bbox 546 4109 692 4162; x_wconf 77' lang='lat' dir='ltr'><strong>discentem</strong></span> <span class='ocrx_word' id='word_1_354' title='bbox 708 4127 723 4160; x_wconf 83' lang='lat' dir='ltr'><strong>e</strong></span> <span class='ocrx_word' id='word_1_355' title='bbox 743 4127 846 4170; x_wconf 84' lang='lat' dir='ltr'><strong>ressus,</strong></span> <span class='ocrx_word' id='word_1_356' title='bbox 865 4126 925 4160; x_wconf 88' lang='lat' dir='ltr'><em>eum</em></span> <span class='ocrx_word' id='word_1_357' title='bbox 940 4109 1119 4178; x_wconf 75' lang='lat' dir='ltr'><strong>praepositis,</strong></span> <span class='ocrx_word' id='word_1_358' title='bbox 1139 4109 1259 4158; x_wconf 76' lang='lat' dir='ltr'><strong>osIIsriis</strong></span> <span class='ocrx_word' id='word_1_359' title='bbox 1275 4124 1307 4158; x_wconf 86' lang='lat' dir='ltr'><em>ac</em></span> 
     </span>
     <span class='ocr_line' id='line_1_43' title="bbox 214 4128 1308 4251; baseline 0.004 -27"><span class='ocrx_word' id='word_1_360' title='bbox 214 4179 328 4248; x_wconf 76' lang='lat' dir='ltr'><strong>reliquis</strong></span> <span class='ocrx_word' id='word_1_361' title='bbox 349 4178 478 4229; x_wconf 85' lang='lat' dir='ltr'><strong>omuibus</strong></span> <span class='ocrx_word' id='word_1_362' title='bbox 490 4195 593 4251; x_wconf 72' lang='lat' dir='ltr'><strong>equam</strong></span> <span class='ocrx_word' id='word_1_363' title='bbox 605 4128 771 4232; x_wconf 64' lang='lat' dir='ltr'><strong>conseenlit.</strong></span> <span class='ocrx_word' id='word_1_364' title='bbox 809 4181 1034 4240; x_wconf 82' lang='lat' dir='ltr'><strong>Cariuroniarius,</strong></span> <span class='ocrx_word' id='word_1_365' title='bbox 1051 4195 1115 4246; x_wconf 70' lang='lat' dir='ltr'><strong>rago</strong></span> <span class='ocrx_word' id='word_1_366' title='bbox 1128 4178 1211 4232; x_wconf 84' lang='lat' dir='ltr'><strong>rubra</strong></span> <span class='ocrx_word' id='word_1_367' title='bbox 1225 4177 1308 4228; x_wconf 81' lang='lat' dir='ltr'><strong>iuclu-</strong></span> 
     </span>
     <span class='ocr_line' id='line_1_44' title="bbox 213 4247 1290 4320; baseline 0 -22"><span class='ocrx_word' id='word_1_368' title='bbox 213 4251 273 4309; x_wconf 84' lang='lat' dir='ltr'><strong>tas,</strong></span> <span class='ocrx_word' id='word_1_369' title='bbox 290 4255 357 4300; x_wconf 86' lang='lat' dir='ltr'><strong>ante</strong></span> <span class='ocrx_word' id='word_1_370' title='bbox 376 4249 591 4320; x_wconf 82' lang='lat' dir='ltr'><strong>Imperatorem,</strong></span> <span class='ocrx_word' id='word_1_371' title='bbox 610 4259 675 4304; x_wconf 86' lang='lat' dir='ltr'><strong>sate</strong></span> <span class='ocrx_word' id='word_1_372' title='bbox 686 4251 909 4304; x_wconf 86' lang='lat' dir='ltr'><strong>cerimoniariuru</strong></span> <span class='ocrx_word' id='word_1_373' title='bbox 927 4265 992 4302; x_wconf 87' lang='lat' dir='ltr'><strong>vero</strong></span> <span class='ocrx_word' id='word_1_374' title='bbox 1009 4257 1128 4320; x_wconf 78' lang='lat' dir='ltr'><strong>quatuor</strong></span> <span class='ocrx_word' id='word_1_375' title='bbox 1144 4247 1290 4300; x_wconf 85' lang='lat' dir='ltr'><strong>silentiarii</strong></span> 
     </span>
    </p>
   </div>
   <div class='ocr_carea' id='block_1_5' title="bbox 0 0 1592 4917">
    <p class='ocr_par' dir='ltr' id='par_1_5' title="bbox 0 0 1592 4917">
     <span class='ocr_line' id='line_1_45' title="bbox 0 0 1592 4917; baseline 0 0"><span class='ocrx_word' id='word_1_376' title='bbox 0 0 1592 4917; x_wconf 95' lang='lat' dir='ltr'><em> </em></span> 
     </span>
    </p>
   </div>
  </div>
 </body>
</html>
