3125 4917
259 378 316 443 DE
341 376 441 443 vm
469 376 521 442 ΕΤ
548 376 677 445 nutus
708 376 847 443 ursus
873 375 1158 444 (DNSTANTINI.
1214 380 1284 443 Llll

196 552 274 609 nas,
301 533 381 594 luter
406 542 506 595 autera
535 530 576 594 de
603 530 752 595 amanda
779 534 934 594 maiestate
984 542 1142 615 raecepta,
1167 527 1285 607 filiurn,

197 634 237 677 ue
255 612 308 675 illa
328 636 463 698 unquam
484 627 653 697 expeteret,
673 614 865 677 admonuerit
877 616 917 693 ¹).
997 617 1048 676 issi
1067 634 1138 676 eum
1151 612 1229 693 Elga
1243 634 1286 674 sa·

195 696 356 776 cer-dotes,
378 701 432 781 qni
451 699 597 760 deformia
618 697 807 776 simulacra,
828 696 1028 780 cultumque,
1049 699 1169 779 penitus
1189 694 1288 757 aliole

198 790 277 840 iant.
320 780 371 841 An
399 782 453 842 diu
480 804 554 865 gens
584 784 739 863 promissis
766 784 904 855 steterit,
935 784 1098 841 incertum.
1141 779 1289 840 Traditur

198 862 302 937 sama,
327 866 445 925 venisse
465 866 620 927 interiecto
640 876 777 947 tempore
796 864 835 923 ad
856 864 1004 925 Ottonem
1026 865 1106 945 lmp.
1129 884 1147 924 a
1167 862 1288 943 lingis,

198 964 250 1005 seu
275 946 401 1022 Russis,
422 960 573 1020 oratores,
596 949 648 1030 qui
669 948 824 1009 doetrinae
837 946 1027 1008 Christianae
1046 949 1225 1026 interpretes
1239 966 1290 1025 po·

198 1025 272 1107 pulo
304 1040 497 1111 expeterent:
525 1028 612 1091 facile
640 1033 781 1103 annuisse
811 1029 979 1105 ottonem,
1011 1040 1042 1088 et
1063 1028 1289 1107 Adelbertum,

199 1108 355 1191 aliosque,
377 1112 553 1192 ablegasse,
586 1112 640 1173 sed
666 1134 769 1173 omnes
797 1132 816 1171 a
837 1111 950 1191 persida
979 1122 1070 1190 gente
1089 1123 1143 1170 aut
1162 1131 1287 1185 caesos,

199 1196 356 1252 automni
376 1195 559 1255 contumelia
582 1195 704 1255 allectos
725 1216 809 1270 esse,
823 1192 922 1253 sulum
933 1192 1131 1252 lldelbertum
1151 1195 1290 1254 evasisse.

199 1274 306 1351 (brae,
329 1275 398 1337 lieet
418 1298 436 1339 a
456 1276 654 1359 Rbeginone,
676 1288 782 1338 autore
795 1296 857 1337 non
870 1276 1038 1356 indiligenti
1054 1320 1064 1353 ,
1080 1276 1290 1350 memorata2),

197 1356 297 1417 aliena
318 1380 338 1421 a
357 1380 453 1434 vero,
478 1370 532 1421 eut
559 1359 698 1425 confusas
719 1380 783 1417 esse
803 1361 940 1417 nationes
961 1359 1080 1418 dissitus
1101 1380 1137 1418 ae
1157 1358 1293 1417 diversas

198 1440 344 1503 arbitror.
387 1442 452 1501 Cur
472 1446 553 1500 enim
574 1462 637 1499 non
657 1460 676 1499 a
696 1442 822 1499 (ir-aesia
842 1440 969 1518 potius,
999 1460 1092 1520 quain
1112 1462 1130 1498 u
1153 1440 1292 1514 Latinis,

197 1520 289 1583 Russi
308 1523 477 1584 sacerdotes
490 1522 718 1603 postulassent?
740 1533 795 1587 aut
836 1522 882 1581 uis
896 1532 1036 1581 veterum
1049 1532 1208 1583 auctorum
1223 1520 1293 1583 illos

197 1602 301 1686 liugas
322 1602 510 1686 appellavit?
532 1604 597 1665 llos
618 1604 686 1665 loca
705 1604 786 1664 iuter
835 1602 957 1665 indrum
977 1614 1008 1663 et
1029 1604 1181 1664 Vistulam
1202 1602 1293 1663 lluvi·

200 1705 261 1762 or,
281 1685 321 1747 ad
346 1690 448 1747 sinum
463 1686 625 1749 Codanum
645 1698 812 1773 porrecta,
833 1684 962 1748 coluisse
974 1688 1162 1766 accepimus:
1187 1686 1226 1745 ad
1240 1685 1298 1747 baa

199 1766 414 1847 Adalbertus,
446 1771 472 1831 ia
501 1773 559 1852 qui:
581 1782 687 1855 postea
717 1768 971 1852 blagdeburgieus
997 1766 1118 1850 praesul
1150 1768 1227 1845 suit,
1260 1780 1296 1829 ut

199 1856 449 1933 superstitionem
468 1851 589 1913 l'oedam
610 1865 641 1915 et
661 1852 806 1914 infamem
826 1853 1033 1932 extingueret,
1054 1854 1190 1911 uecemit.
1232 1849 1297 1910 Ne·

199 1953 262 2015 que
281 1955 332 1995 me
351 1936 553 2015 scriptorum,
575 1940 628 2019 qui
648 1937 744 1997 secuti
764 1933 973 2016 Rheginonem
992 1934 1110 2012 sunt⁸),
1128 1954 1184 1997 nee
1205 1932 1296 1992 loan-

200 2017 248 2077 nis
269 2017 462 2094 Mabillanii,
484 2022 587 2100 magni
607 2020 666 2078 viri
685 2020 858 2099 imprimis,
880 2018 994 2077 Russus
1013 2020 1090 2077 tanti
1109 2014 1229 2077 sceleris
1243 2036 1296 2075 co-

200 2102 377 2179 arguentis,
398 2102 544 2161 autoritas
565 2100 711 2177 στῆτ’).
754 2099 852 2160 Silent
867 2103 952 2159 'enim
977 2102 1086 2161 Graeci
1100 2118 1227 2172 omnes,
1249 2118 1297 2159 res

199 2180 299 2242 multo
320 2181 450 2244 leviores
469 2186 638 2265 posteritati
667 2180 790 2243 tradere
817 2182 957 2258 adsueti3
988 2180 1057 2243 silet
1087 2180 1297 2258 Ttnodosius,

201 2273 233 2323 et
259 2264 495 2342 Suentoslaum,
516 2264 614 2347 Blgae
640 2265 756 2343 filium,
784 2275 814 2325 et
844 2265 1060 2347 laropolcum,
1088 2276 1256 2344 nepotem,
1279 2284 1300 2326 a

202 2344 378 2408 Christiano
404 2345 489 2410 cultu
510 2348 733 2425 abhorrentes,
764 2346 804 2408 ad
835 2367 920 2408 sacre
941 2350 1094 2408 maiorum
1123 2349 1298 2421 transiisse,

202 2418 396 2509 mebrorum).
438 2419 630 2503 Vlodimirns
649 2432 736 2513 ipse,
775 2449 839 2508 quo
859 2431 980 2489 nullum
999 2433 1080 2489 inter
1094 2430 1206 2488 Russus
1228 2428 1298 2505 illut

203 2512 296 2573 siritu
317 2532 430 2573 nomeu
451 2522 521 2588 est,
549 2532 620 2573 cum
649 2532 669 2573 a
695 2510 838 2589 ponlisice
857 2509 972 2592 legati,
1002 2510 1157 2593 religionis
1177 2530 1297 2585 causa,

202 2596 369 2669 venissent,
391 2597 580 2654 Graecorum
600 2593 783 2655 cerimonias
804 2595 939 2675 recipere
956 2592 1077 2668 malint,
1097 2596 1216 2654 iunctns
1233 2592 1299 2651 llu-

202 2690 284 2749 nae,
304 2675 435 2732 Romani
456 2676 585 2736 iunioris
605 2676 708 2755 filiae,
729 2672 839 2737 Ottoni
859 2676 1040 2759 imperatori
1059 2687 1150 2742 antea
1169 2676 1300 2757 despon-

204 2764 305 2828 satae,
326 2754 491 2817 earinubio.

287 2835 348 2896 Xl.
392 2837 476 2896 lnter
503 2832 579 2896 baec
599 2835 894 2917 Langobardorum,
927 2839 982 2922 qui
1010 2838 1068 2899 soli
1098 2837 1243 2899 hactenns
1267 2840 1299 2899 in

205 2916 364 2979 oecidente
382 2917 474 2978 iidem
494 2927 525 2978 et
550 2917 591 2977 ob
646 2922 730 2981 nium
760 2930 939 2995 servarant,
969 2920 1087 2983 tributa
1116 2922 1300 3002 lmperatori

205 3003 370 3084 quotannis
389 2998 602 3083 salveraut⁶l,
653 3001 759 3067 electio
778 3002 992 3065 nunciabatur.
1033 3004 1162 3065 Dudum
1182 3024 1302 3066 exarse-

237 3164 264 3236 τ)
274 3164 315 3217 De
328 3162 479 3217 administr.
496 3164 534 3214 lm
557 3180 593 3215 er.
608 3180 665 3236 cap.
679 3162 750 3217 xm.
771 3170 841 3233 pes.
856 3167 921 3216 edit.
934 3164 1019 3216 band.
1075 3166 1103 3236 a)
1113 3164 1154 3218 bd
1176 3182 1219 3217 an.
1239 3168 1301 3235 959.

277 3180 559 3361 iibiss'iiisili'g'
576 3232 830 3357 ..iftl't‘l‘it'
849 3232 1094 3370 Cl'ffl'sl'ildll'
1131 3235 1303 3361 Sppip.

276 3320 726 3447 &comanadenlmmllmpell
737 3324 1061 3445 anapifeumodor.
1081 3320 1161 3425 Μῖτα
1176 3364 1207 3426 td
1219 3322 1303 3425 ‹tiiiss

276 3448 345 3497 θεῖν
367 3441 567 3515 adpretietur
588 3445 621 3497 ίν
638 3446 946 3497 Κωνσταντινοαπιίλει
973 3440 1199 3512 διεμερίσθησαν
1214 3446 1304 3496 ταῦτα

275 3512 372 3567 πάντα
393 3516 435 3572 είς
458 3506 553 3581 doleia
570 3499 640 3576 aaa}
671 3514 701 3574 ἐξ
726 3504 764 3567 οὗ
788 3520 836 3568 καὶ
862 3502 941 3584 παρὰ
969 3514 1022 3564 τοῦ
1046 3514 1247 3578 βασιλεύοντος
1272 3516 1305 3566 εν

277 3584 587 3639 Κωνσταντινουπόλει
625 3582 831 3637 ἀπεστέλλοντο
864 3586 1017 3652 πατρίκιοι
1040 3582 1109 3645 δύο,
1136 3589 1184 3636 καί
1210 3584 1225 3636 o‘
1247 3584 1304 3654 μὲν

277 3648 319 3711 εἷς
347 3658 500 3721 πατρίκιος
527 3650 643 3723 ίκριῖτει
664 3643 718 3721 τὴν
742 3658 880 3707 Σικελίαν
902 3657 952 3705 καλ
971 3642 1024 3720 τὴν
1046 3654 1231 3721 notaretur,
1254 3656 1304 3703 καλ

276 3722 331 3790 τὴν
353 3724 522 3787 Νετίπολιν,
539 3728 588 3775 καλ
605 3722 771 3795 stanimir,
790 3724 807 3776 d
825 3724 857 3777 rt
873 3724 969 3793 ἕτερος
984 3727 1137 3791 πατρίκιος
1155 3724 1301 3783 ἐκαθίζετο

277 3796 320 3853 τίς
342 3790 532 3861 uersaretur,
567 3798 617 3845 καί
641 3796 754 3861 ἐκράτει
775 3784 828 3860 τὴν
851 3799 992 3856 mensor,
1017 3797 1065 3844 κατ’
1088 3785 1140 3858 τὴν
1161 3794 1303 3855 lirinum,

278 3866 328 3917 καλ
345 3856 380 3918 τὰ
398 3859 486 3917 λοιπὰ
518 3862 621 3916 πάντα.
658 3868 715 3917 Καὶ
735 3866 849 3918 ἐτέλεον
873 3869 987 3920 rastros
1012 3868 1052 3930 τρε
1072 3865 1186 3930 βασιλεῖ
1201 3861 1235 3913 τὰ
1255 3878 1303 3917 νε-

278 3937 490 4007 νομισμένατρῖ
507 3932 642 4005 δημοσίῳ.
680 3936 820 4005 Occupato
837 3934 1077 4003 Langobardorum
1094 3936 1175 3986 armis
1188 3941 1303 4017 utraque

277 4006 436 4073 provincia,
455 4003 550 4057 eadem
575 4006 660 4057 iacies
678 4006 805 4074 imperii,
824 4004 929 4056 tributa
951 4004 1046 4056 eadem
1065 4019 1196 4056 mansere.
1231 4002 1304 4054 llrne

279 4074 453 4144 b'ieepborui
476 4074 544 4143 Imp.
565 4072 707 4145 capuanos
729 4083 758 4128 et
779 4078 986 4130 beneventanos
1007 4091 1105 4129 servor
1125 4090 1205 4135 suos,
1223 4089 1301 4143 egros

279 4158 375 4197 eornm
398 4163 451 4199 aaa
481 4144 621 4207 ebenum,
649 4162 720 4218 quae
749 4146 804 4198 sibi
832 4146 911 4197 nullo
944 4148 1005 4197 inre
1036 4150 1207 4214 arrogassent
1231 4143 1284 4215 lpai

279 4214 410 4285 appellat.
446 4214 478 4265 V.
505 4214 665 4286 Laitpranil.
695 4214 786 4287 Legat.
817 4234 843 4286 p.
874 4215 931 4283 144.
959 4216 1016 4285 ¹47·
