3125 4917
235 380 320 437 XXX
616 374 670 433 10.
700 371 781 435 lAC.
815 369 962 434 RElSllll

234 528 412 590 munionem
427 542 556 585 sacram
577 525 710 605 accipit,
729 545 762 607 p.
781 522 855 586 265.
881 524 922 582 D.
943 534 973 583 et
992 522 1135 604 deinceps
1149 520 1197 583 bis
1213 523 1261 585 vel
1281 536 1329 585 ter

242 628 331 687 omisi
352 623 481 685 verbum
511 621 717 699 λαβιδοῦνται
747 625 777 683 in
813 623 945 698 Latinis,
974 624 1046 703 qnia
1073 633 1141 683 tum
1169 627 1328 704 temporis,

236 745 333 808 <pium
364 722 470 783 solium
501 719 577 780 illud
606 721 663 781 sub
687 719 792 804 praelo
813 720 948 798 sudaret,
967 720 1148 800 nesciebam,
1169 722 1244 805 quid
1272 723 1330 784 sibi

237 823 329 885 vellet
355 820 484 883 verbum
505 818 614 881 nullibi
641 822 672 882 in
704 822 821 881 Lexicis
853 831 883 881 ct
908 818 984 880 eliae
1009 820 1136 881 obvium
1162 818 1326 898 λαβιδοῢν.

235 920 356 985 Deinde
368 920 461 980 didici
481 940 499 979 e
513 918 654 1001 Polybio,
668 920 837 1003 significare
841 918 1002 1004 fibulum.
1043 920 1143 980 Debet
1160 941 1234 1001 eigo
1249 919 1331 980 dicto

235 1020 304 1082 loeo
324 1022 357 1080 in
377 1020 494 1079 Latinis
512 1022 554 1079 sic
577 1023 706 1101 reponi:
737 1032 767 1081 et
799 1021 874 1101 equi
896 1038 1004 1081 omnes
1023 1017 1208 1099 fibuiantur
1232 1032 1329 1100 atque

236 1131 444 1190 castrantur,
472 1128 503 1178 ct
532 1117 571 1177 ud
597 1117 627 1177 id
657 1117 828 1198 exemplum
851 1129 952 1181 cetero
977 1118 1234 1200 interpretationis
1263 1117 1331 1177 loca

236 1238 344 1278 mauce
366 1218 518 1299 integrari.
560 1216 651 1294 Vale,
667 1216 798 1278 Erudite
817 1217 939 1293 Lector,
965 1227 997 1276 et
1011 1218 1170 1277 conatibus
1184 1218 1331 1277 Decesse·

236 1319 279 1380 ris
293 1318 354 1381 mei
373 1328 464 1401 etque
477 1318 552 1379 meis
569 1315 646 1379 save.
679 1315 778 1377 Scrib.
801 1317 922 1398 Lipsiae
934 1336 1038 1379 mense
1051 1315 1222 1399 Septembri
1242 1313 1331 1399 ¹75¹·

622 1530 904 1550 m

437 1751 512 1814 AD
540 1748 749 1811 TOMUM
781 1750 1132 1814 SECUNDUM.

240 1886 307 1991 Ea
342 1939 388 1989 cst
413 1935 662 2007 argumentorum
697 1926 831 1985 secundo
860 1926 940 2003 hoc,
978 1926 1061 2008 quod
1088 1948 1170 1989 nune
1201 1927 1332 2005 edimus,

237 2028 394 2091 volumine
437 2024 627 2087 Constantini
661 2022 870 2086 cerimonialis
897 2028 1099 2107 expositorum
1124 2028 1273 2111 dignitus,
1300 2038 1335 2088 ut

239 2128 374 2211 palmam
399 2126 494 2207 priori
510 2123 636 2183 dubiam
658 2120 756 2182 iacere
774 2145 863 2205 posse
881 2124 1033 2184 videatur.
1076 2128 1216 2203 Quorum
1231 2148 1333 2209 qinom·

240 2229 288 2288 vis
310 2245 428 2286 summa
451 2224 550 2304 capitu
569 2223 708 2305 superior
726 2224 787 2281 inm
809 2222 959 2304 praefatio
975 2226 1121 2306 attigerit,
1142 2248 1205 2287 non
1227 2225 1334 2286 inutile

240 2337 343 2387 tumen
363 2324 434 2384 «luxi
450 2322 502 2383 illa
526 2322 583 2382 hoe
604 2342 726 2403 (pioque
751 2322 819 2383 loeo
836 2332 981 2404 repetere.
1021 2324 1146 2387 Eminet
1163 2328 1254 2409 igitur
1275 2325 1334 2385 hn-

240 2428 289 2485 ius
308 2422 431 2485 secundi
451 2422 522 2483 libri
549 2442 584 2481 ca
615 2441 706 2502 pers,
729 2442 807 2503 quae
828 2424 952 2482 nomine
982 2422 1261 2505 Κλητωρολόγιον,
1283 2445 1335 2484 seu

242 2524 381 2585 doctrina
409 2524 525 2582 rituum
559 2519 682 2581 illorum
712 2532 776 2599 est,
808 2522 918 2603 quibus
949 2518 1086 2581 solennes
1109 2521 1217 2604 epulae
1234 2523 1335 2604 lmpp.

242 2624 439 2684 CPtanorum
460 2620 607 2681 celebruni
632 2619 789 2697 solebant,
818 2623 884 2702 ipso
906 2642 939 2681 re
964 2630 1056 2701 atque
1069 2622 1256 2703 professione
1279 2641 1336 2681 no·

241 2725 310 2784 titia
322 2735 367 2783 cst
384 2722 565 2803 dignitatum
578 2722 696 2799 imperii
711 2720 879 2797 orientalis,
901 2718 991 2801 quale
1006 2721 1127 2781 saeculo
1140 2722 1198 2781 lX.
1211 2731 1338 2782 excunte

243 2832 320 2882 emt.
364 2822 492 2880 Minoris
512 2821 670 2896 momenti,
693 2839 792 2900 neque
812 2830 914 2878 tamen
939 2820 1171 2897 contemnendi,
1193 2830 1265 2880 sunt
1292 2819 1337 2879 illi

243 2920 322 2999 loci,
358 2921 411 3001 qui
437 2917 606 3001 legatorum
639 2917 885 2999 excipiendorum
912 2921 1085 2997 tutionem,
1119 2918 1339 3000 titulorumquc

242 3018 454 3101 praescribunt
473 3016 630 3093 formulas,
647 3017 757 3097 quibus
779 3029 832 3077 aut
857 3019 950 3077 exteri
971 3017 1060 3098 legati
1087 3017 1269 3078 CPlitunum
1287 3020 1340 3077 im·

241 3127 413 3199 perntorcm
432 3137 466 3176 ex
488 3136 574 3176 more
593 3115 839 3196 alloquebantur,
852 3127 906 3176 eut
932 3118 997 3197 ipse
1016 3118 1149 3178 vicissim
1177 3119 1209 3177 in
1232 3116 1339 3178 litteris

241 3218 282 3277 nd
305 3226 421 3276 exteros
430 3219 581 3298 principes
601 3217 663 3275 suis
694 3214 846 3277 utebatur.
889 3215 977 3293 Quae
997 3214 1037 3275 ud
1057 3218 1264 3298 processiones
1279 3217 1338 3274 ini·

241 3325 430 3398 pecatorum,
453 3316 485 3373 in
505 3312 614 3373 balnea
639 3324 669 3373 et
690 3312 802 3375 horrea
820 3313 990 3394 lustranda,
1011 3336 1090 3397 quae
1109 3315 1149 3376 ud
1169 3313 1339 3394 triumphos

242 3414 281 3475 de
309 3414 448 3476 hostibus
472 3398 603 3475 ¹devictis
633 3412 788 3495 agendos,
819 3414 859 3473 ud
878 3413 1049 3493 brumalia,
1079 3424 1235 3497 spectant,
1267 3414 1340 3471 item

243 3534 321 3595 qnae
349 3514 388 3575 de
418 3513 522 3574 liberis
559 3514 694 3595 uugirstis
721 3533 826 3575 recens
859 3518 963 3592 nutis,
985 3526 1015 3575 ct
1035 3513 1118 3574 unde
1141 3508 1265 3571 soluturi
1291 3509 1340 3571 lu·

242 3612 386 3690 suendis,
408 3626 462 3673 aut
482 3611 664 3690 tondendis,
686 3610 725 3673 dc
745 3612 991 3696 patriarcharum
1017 3610 1180 3688 electione,
1213 3610 1252 3671 de
1285 3631 1340 3691 ap-

242 3722 350 3795 paratu
372 3712 473 3771 naroli
505 3716 537 3771 in
573 3714 723 3795 geminum
752 3714 992 3795 expeditionem,
1019 3710 1194 3769 Cretensem
1221 3728 1340 3787 unam,

243 3810 370 3872 alteram
403 3809 689 3891 Longoburdicnm,
720 3812 912 3888 traduntur,
956 3809 1040 3886 eliu,
1067 3826 1146 3889 quoe
1164 3828 1343 3889 percensere

243 3909 362 3992 singula
380 3906 505 3989 longum
527 3908 622 3969 soret:
646 3928 681 3968 ea
702 3912 806 3970 omnin
825 3906 1025 3989 multiplicem
1050 3916 1084 3967 et
1103 3926 1194 3968 usum
1214 3916 1246 3969 et
1265 3904 1342 3967 dele·

243 4011 406 4071 ctutionem
427 4004 553 4084 habere,
574 4005 657 4066 ultro
677 4015 771 4087 patet.

328 4110 365 4168 ln
393 4105 450 4167 hoc
478 4106 570 4188 igitur
592 4104 708 4164 edenda
729 4116 839 4184 purte,
860 4125 923 4165 non
944 4106 1045 4167 minus
1065 4116 1158 4190 utque
1177 4104 1230 4167 ille
1250 4124 1342 4187 supe·

243 4211 337 4291 riorc,
353 4216 437 4268 tenta
451 4214 588 4269 versatus
601 4202 645 4263 sui
655 4198 813 4284 religione,
828 4214 864 4266 ut
879 4205 1126 4271 membrensnuu
1140 4206 1343 4288 Lipsiensium
