<?xml version="1.0" encoding="UTF-8"?>
<!DOCTYPE html PUBLIC "-//W3C//DTD XHTML 1.0 Transitional//EN"
    "http://www.w3.org/TR/xhtml1/DTD/xhtml1-transitional.dtd">
<html xmlns="http://www.w3.org/1999/xhtml" xml:lang="en" lang="en">
 <head>
  <title>
</title>
<meta http-equiv="Content-Type" content="text/html;charset=utf-8" />
  <meta name='ocr-system' content='tesseract 3.04.00' />
  <meta name='ocr-capabilities' content='ocr_page ocr_carea ocr_par ocr_line ocrx_word'/>
</head>
<body>
  <div class='ocr_page' id='page_1' title='image "./corpusscriptoru40theogoog/corpusscriptoru40theogoog_0034.png"; bbox 0 0 3125 4917; ppageno 0'>
   <div class='ocr_carea' id='block_1_1' title="bbox 265 297 984 363">
    <p class='ocr_par' dir='ltr' id='par_1_1' title="bbox 265 297 984 363">
     <span class='ocr_line' id='line_1_1' title="bbox 265 297 984 363; baseline 0 -2"><span class='ocrx_word' id='word_1_1' title='bbox 265 300 363 361; x_wconf 76' lang='lat' dir='ltr'>xxv!</span> <span class='ocrx_word' id='word_1_2' title='bbox 639 298 695 363; x_wconf 87' lang='lat'><strong>10.</strong></span> <span class='ocrx_word' id='word_1_3' title='bbox 729 297 809 361; x_wconf 70' lang='lat' dir='ltr'><strong>lac.</strong></span> <span class='ocrx_word' id='word_1_4' title='bbox 839 299 984 363; x_wconf 73' lang='lat' dir='ltr'><strong>nersxlr</strong></span> 
     </span>
    </p>
   </div>
   <div class='ocr_carea' id='block_1_2' title="bbox 234 448 1357 4207">
    <p class='ocr_par' dir='ltr' id='par_1_2' title="bbox 234 448 1357 3098">
     <span class='ocr_line' id='line_1_2' title="bbox 263 448 1357 538; baseline 0.005 -27"><span class='ocrx_word' id='word_1_5' title='bbox 263 450 367 511; x_wconf 89' lang='lat' dir='ltr'><strong>lumen</strong></span> <span class='ocrx_word' id='word_1_6' title='bbox 388 448 467 510; x_wconf 87' lang='lat' dir='ltr'><strong>mule</strong></span> <span class='ocrx_word' id='word_1_7' title='bbox 488 450 568 512; x_wconf 81' lang='lat' dir='ltr'><strong>ultra</strong></span> <span class='ocrx_word' id='word_1_8' title='bbox 590 455 675 534; x_wconf 81' lang='lat' dir='ltr'><strong>prius</strong></span> <span class='ocrx_word' id='word_1_9' title='bbox 696 453 863 521; x_wconf 80' lang='lat' dir='ltr'><strong>excederet.</strong></span> <span class='ocrx_word' id='word_1_10' title='bbox 905 453 955 516; x_wconf 89' lang='lat' dir='ltr'><strong>cl.</strong></span> <span class='ocrx_word' id='word_1_11' title='bbox 977 456 1118 517; x_wconf 73' lang='lat' dir='ltr'><strong>Laronius</strong></span> <span class='ocrx_word' id='word_1_12' title='bbox 1138 454 1170 516; x_wconf 89' lang='lat' dir='ltr'><strong>id</strong></span> <span class='ocrx_word' id='word_1_13' title='bbox 1189 453 1259 516; x_wconf 81' lang='lat' dir='ltr'><strong>ideo</strong></span> <span class='ocrx_word' id='word_1_14' title='bbox 1274 475 1357 538; x_wconf 86' lang='lat' dir='ltr'><strong>pror·</strong></span> 
     </span>
     <span class='ocr_line' id='line_1_3' title="bbox 263 551 1356 636; baseline 0.003 -24"><span class='ocrx_word' id='word_1_15' title='bbox 263 572 315 612; x_wconf 83' lang='lat' dir='ltr'><strong>sus</strong></span> <span class='ocrx_word' id='word_1_16' title='bbox 334 551 489 628; x_wconf 81' lang='lat' dir='ltr'><strong>omiserat,</strong></span> <span class='ocrx_word' id='word_1_17' title='bbox 509 554 582 633; x_wconf 86' lang='lat' dir='ltr'><strong>quia</strong></span> <span class='ocrx_word' id='word_1_18' title='bbox 602 554 642 615; x_wconf 90' lang='lat' dir='ltr'><strong>ab</strong></span> <span class='ocrx_word' id='word_1_19' title='bbox 661 551 720 615; x_wconf 87' lang='lat' dir='ltr'><strong>hoc</strong></span> <span class='ocrx_word' id='word_1_20' title='bbox 741 574 835 636; x_wconf 83' lang='lat' dir='ltr'><strong>opere</strong></span> <span class='ocrx_word' id='word_1_21' title='bbox 849 554 1025 616; x_wconf 84' lang='lat' dir='ltr'><strong>decreverat</strong></span> <span class='ocrx_word' id='word_1_22' title='bbox 1045 575 1168 629; x_wconf 83' lang='lat' dir='ltr'><strong>arcere,</strong></span> <span class='ocrx_word' id='word_1_23' title='bbox 1188 564 1219 616; x_wconf 88' lang='lat' dir='ltr'><strong>et</strong></span> <span class='ocrx_word' id='word_1_24' title='bbox 1240 557 1270 615; x_wconf 90' lang='lat' dir='ltr'><strong>in</strong></span> <span class='ocrx_word' id='word_1_25' title='bbox 1291 554 1356 615; x_wconf 90' lang='lat' dir='ltr'><strong>ool·</strong></span> 
     </span>
     <span class='ocr_line' id='line_1_4' title="bbox 262 648 1356 737; baseline 0.003 -27"><span class='ocrx_word' id='word_1_26' title='bbox 262 648 389 710; x_wconf 80' lang='lat' dir='ltr'><strong>loetione</strong></span> <span class='ocrx_word' id='word_1_27' title='bbox 412 650 607 713; x_wconf 85' lang='lat' dir='ltr'><strong>Taetieorum</strong></span> <span class='ocrx_word' id='word_1_28' title='bbox 627 655 829 732; x_wconf 84' lang='lat' dir='ltr'><strong>Graecorum,</strong></span> <span class='ocrx_word' id='word_1_29' title='bbox 848 674 942 737; x_wconf 67' lang='lat' dir='ltr'><strong>qurum</strong></span> <span class='ocrx_word' id='word_1_30' title='bbox 961 654 1175 733; x_wconf 80' lang='lat' dir='ltr'><strong>meditabatur,</strong></span> <span class='ocrx_word' id='word_1_31' title='bbox 1203 650 1356 715; x_wconf 80' lang='lat' dir='ltr'><strong>exhibere.</strong></span> 
     </span>
     <span class='ocr_line' id='line_1_5' title="bbox 262 748 1356 837; baseline 0.003 -29"><span class='ocrx_word' id='word_1_32' title='bbox 262 748 368 809; x_wconf 84' lang='lat' dir='ltr'><strong>Habeo</strong></span> <span class='ocrx_word' id='word_1_33' title='bbox 389 750 421 809; x_wconf 91' lang='lat' dir='ltr'><strong>in</strong></span> <span class='ocrx_word' id='word_1_34' title='bbox 442 750 583 813; x_wconf 86' lang='lat' dir='ltr'><strong>munibus</strong></span> <span class='ocrx_word' id='word_1_35' title='bbox 598 751 751 837; x_wconf 80' lang='lat' dir='ltr'><strong>exemplar</strong></span> <span class='ocrx_word' id='word_1_36' title='bbox 763 752 981 836; x_wconf 81' lang='lat' dir='ltr'><strong>opusculorum</strong></span> <span class='ocrx_word' id='word_1_37' title='bbox 998 752 1202 829; x_wconf 74' lang='lat' dir='ltr'><strong>Constantini,</strong></span> <span class='ocrx_word' id='word_1_38' title='bbox 1222 774 1241 813; x_wconf 92' lang='lat' dir='ltr'><strong>u</strong></span> <span class='ocrx_word' id='word_1_39' title='bbox 1256 754 1356 815; x_wconf 81' lang='lat' dir='ltr'><strong>Meur-</strong></span> 
     </span>
     <span class='ocr_line' id='line_1_6' title="bbox 259 847 1356 937; baseline 0.001 -29"><span class='ocrx_word' id='word_1_40' title='bbox 259 850 305 909; x_wconf 82' lang='lat' dir='ltr'><strong>eio</strong></span> <span class='ocrx_word' id='word_1_41' title='bbox 327 847 428 931; x_wconf 83' lang='lat' dir='ltr'><strong>Lugd.</strong></span> <span class='ocrx_word' id='word_1_42' title='bbox 450 850 556 915; x_wconf 87' lang='lat' dir='ltr'><strong>Butav.</strong></span> <span class='ocrx_word' id='word_1_43' title='bbox 576 874 607 913; x_wconf 88' lang='lat' dir='ltr'><strong>a.</strong></span> <span class='ocrx_word' id='word_1_44' title='bbox 635 850 709 913; x_wconf 76' lang='lat'>1611</span> <span class='ocrx_word' id='word_1_45' title='bbox 735 853 914 929; x_wconf 88' lang='lat' dir='ltr'><strong>editorum,</strong></span> <span class='ocrx_word' id='word_1_46' title='bbox 959 854 991 915; x_wconf 91' lang='lat' dir='ltr'><strong>in</strong></span> <span class='ocrx_word' id='word_1_47' title='bbox 1020 852 1133 937; x_wconf 84' lang='lat' dir='ltr'><strong>quibus</strong></span> <span class='ocrx_word' id='word_1_48' title='bbox 1153 851 1278 912; x_wconf 84' lang='lat' dir='ltr'><strong>Taetiea</strong></span> <span class='ocrx_word' id='word_1_49' title='bbox 1297 850 1356 910; x_wconf 87' lang='lat' dir='ltr'><strong>Vir</strong></span> 
     </span>
     <span class='ocr_line' id='line_1_7' title="bbox 259 946 1355 1036; baseline 0.004 -29"><span class='ocrx_word' id='word_1_50' title='bbox 259 946 309 1008; x_wconf 88' lang='lat' dir='ltr'><strong>Cl.</strong></span> <span class='ocrx_word' id='word_1_51' title='bbox 329 950 442 1029; x_wconf 82' lang='lat' dir='ltr'><strong>passim</strong></span> <span class='ocrx_word' id='word_1_52' title='bbox 464 952 679 1014; x_wconf 79' lang='lat' dir='ltr'><strong>emendaverat</strong></span> <span class='ocrx_word' id='word_1_53' title='bbox 700 974 757 1013; x_wconf 80' lang='lat' dir='ltr'><strong>sun</strong></span> <span class='ocrx_word' id='word_1_54' title='bbox 779 974 871 1015; x_wconf 88' lang='lat' dir='ltr'><strong>mauu</strong></span> <span class='ocrx_word' id='word_1_55' title='bbox 892 965 984 1036; x_wconf 86' lang='lat' dir='ltr'><strong>atque</strong></span> <span class='ocrx_word' id='word_1_56' title='bbox 1004 952 1210 1036; x_wconf 79' lang='lat' dir='ltr'><strong>supplevuat,</strong></span> <span class='ocrx_word' id='word_1_57' title='bbox 1238 971 1257 1012; x_wconf 92' lang='lat' dir='ltr'><strong>e</strong></span> <span class='ocrx_word' id='word_1_58' title='bbox 1274 949 1355 1012; x_wconf 88' lang='lat' dir='ltr'><strong>codi-</strong></span> 
     </span>
     <span class='ocr_line' id='line_1_8' title="bbox 257 1048 1354 1133; baseline 0.005 -27"><span class='ocrx_word' id='word_1_59' title='bbox 257 1066 306 1122; x_wconf 90' lang='lat' dir='ltr'><strong>ee,</strong></span> <span class='ocrx_word' id='word_1_60' title='bbox 333 1056 370 1107; x_wconf 88' lang='lat' dir='ltr'><strong>ut</strong></span> <span class='ocrx_word' id='word_1_61' title='bbox 388 1050 531 1129; x_wconf 89' lang='lat' dir='ltr'><strong>eoniieio,</strong></span> <span class='ocrx_word' id='word_1_62' title='bbox 552 1051 744 1133; x_wconf 79' lang='lat' dir='ltr'><strong>Augustano.</strong></span> <span class='ocrx_word' id='word_1_63' title='bbox 786 1052 894 1114; x_wconf 84' lang='lat' dir='ltr'><strong>Inveni</strong></span> <span class='ocrx_word' id='word_1_64' title='bbox 922 1053 955 1114; x_wconf 90' lang='lat' dir='ltr'><strong>in</strong></span> <span class='ocrx_word' id='word_1_65' title='bbox 985 1054 1050 1114; x_wconf 80' lang='lat' dir='ltr'><strong>eiua</strong></span> <span class='ocrx_word' id='word_1_66' title='bbox 1072 1050 1265 1113; x_wconf 60' lang='lat' dir='ltr'><strong>Adversarii,</strong></span> <span class='ocrx_word' id='word_1_67' title='bbox 1295 1048 1354 1111; x_wconf 88' lang='lat' dir='ltr'><strong>alia</strong></span> 
     </span>
     <span class='ocr_line' id='line_1_9' title="bbox 257 1143 1355 1231; baseline 0.005 -26"><span class='ocrx_word' id='word_1_68' title='bbox 257 1143 467 1228; x_wconf 74' lang='lat' dir='ltr'><strong>supplementa</strong></span> <span class='ocrx_word' id='word_1_69' title='bbox 496 1152 663 1211; x_wconf 88' lang='lat' dir='ltr'><strong>eorundem</strong></span> <span class='ocrx_word' id='word_1_70' title='bbox 694 1151 903 1227; x_wconf 86' lang='lat' dir='ltr'><strong>Tactieorum,</strong></span> <span class='ocrx_word' id='word_1_71' title='bbox 932 1164 968 1214; x_wconf 90' lang='lat' dir='ltr'><strong>ut</strong></span> <span class='ocrx_word' id='word_1_72' title='bbox 995 1160 1027 1213; x_wconf 88' lang='lat' dir='ltr'><strong>et</strong></span> <span class='ocrx_word' id='word_1_73' title='bbox 1054 1151 1186 1231; x_wconf 82' lang='lat' dir='ltr'><strong>Leonis,</strong></span> <span class='ocrx_word' id='word_1_74' title='bbox 1214 1173 1233 1211; x_wconf 90' lang='lat' dir='ltr'><strong>e</strong></span> <span class='ocrx_word' id='word_1_75' title='bbox 1252 1149 1355 1211; x_wconf 83' lang='lat' dir='ltr'><strong>codiee</strong></span> 
     </span>
     <span class='ocr_line' id='line_1_10' title="bbox 234 1242 1355 1333; baseline 0.008 -30"><span class='ocrx_word' id='word_1_76' title='bbox 234 1242 458 1326; x_wconf 19' lang='lat' dir='ltr'><strong>,Augtrstonm</strong></span> <span class='ocrx_word' id='word_1_77' title='bbox 486 1268 566 1330; x_wconf 91' lang='lat' dir='ltr'><strong>quae</strong></span> <span class='ocrx_word' id='word_1_78' title='bbox 588 1270 607 1309; x_wconf 90' lang='lat' dir='ltr'><strong>a</strong></span> <span class='ocrx_word' id='word_1_79' title='bbox 638 1248 837 1312; x_wconf 87' lang='lat' dir='ltr'><strong>celeberrimo</strong></span> <span class='ocrx_word' id='word_1_80' title='bbox 872 1252 1037 1313; x_wconf 72' lang='lat' dir='ltr'><strong>Benenato</strong></span> <span class='ocrx_word' id='word_1_81' title='bbox 1065 1260 1233 1333; x_wconf 78' lang='lat' dir='ltr'><strong>acceperut.</strong></span> <span class='ocrx_word' id='word_1_82' title='bbox 1287 1247 1355 1328; x_wconf 72' lang='lat' dir='ltr'><strong>Ego</strong></span> 
     </span>
     <span class='ocr_line' id='line_1_11' title="bbox 258 1347 1354 1434; baseline 0.006 -30"><span class='ocrx_word' id='word_1_83' title='bbox 258 1362 345 1423; x_wconf 79' lang='lat' dir='ltr'><strong>veto,</strong></span> <span class='ocrx_word' id='word_1_84' title='bbox 365 1366 464 1427; x_wconf 83' lang='lat' dir='ltr'><strong>quum</strong></span> <span class='ocrx_word' id='word_1_85' title='bbox 483 1369 501 1407; x_wconf 90' lang='lat' dir='ltr'><strong>a</strong></span> <span class='ocrx_word' id='word_1_86' title='bbox 521 1347 575 1410; x_wconf 89' lang='lat' dir='ltr'><strong>tali</strong></span> <span class='ocrx_word' id='word_1_87' title='bbox 596 1349 723 1411; x_wconf 83' lang='lat' dir='ltr'><strong>oonsilio</strong></span> <span class='ocrx_word' id='word_1_88' title='bbox 744 1348 862 1412; x_wconf 85' lang='lat' dir='ltr'><strong>alienus</strong></span> <span class='ocrx_word' id='word_1_89' title='bbox 883 1353 954 1428; x_wconf 78' lang='lat' dir='ltr'><strong>aim,</strong></span> <span class='ocrx_word' id='word_1_90' title='bbox 975 1361 1006 1414; x_wconf 92' lang='lat' dir='ltr'><strong>et</strong></span> <span class='ocrx_word' id='word_1_91' title='bbox 1024 1373 1081 1434; x_wconf 87' lang='lat' dir='ltr'><strong>por</strong></span> <span class='ocrx_word' id='word_1_92' title='bbox 1094 1370 1232 1411; x_wconf 77' lang='lat' dir='ltr'><strong>meorum</strong></span> <span class='ocrx_word' id='word_1_93' title='bbox 1251 1368 1354 1411; x_wconf 82' lang='lat' dir='ltr'><strong>rerum</strong></span> 
     </span>
     <span class='ocr_line' id='line_1_12' title="bbox 255 1442 1353 1530; baseline 0.004 -25"><span class='ocrx_word' id='word_1_94' title='bbox 255 1442 462 1507; x_wconf 82' lang='lat' dir='ltr'><strong>uenditionem</strong></span> <span class='ocrx_word' id='word_1_95' title='bbox 487 1466 637 1530; x_wconf 81' lang='lat' dir='ltr'><strong>nequeam</strong></span> <span class='ocrx_word' id='word_1_96' title='bbox 669 1470 732 1510; x_wconf 93' lang='lat' dir='ltr'><strong>non</strong></span> <span class='ocrx_word' id='word_1_97' title='bbox 754 1470 831 1528; x_wconf 80' lang='lat' dir='ltr'><strong>esse,</strong></span> <span class='ocrx_word' id='word_1_98' title='bbox 853 1448 947 1511; x_wconf 87' lang='lat' dir='ltr'><strong>debui</strong></span> <span class='ocrx_word' id='word_1_99' title='bbox 974 1452 1100 1512; x_wconf 89' lang='lat' dir='ltr'><strong>omnino</strong></span> <span class='ocrx_word' id='word_1_100' title='bbox 1120 1448 1223 1513; x_wconf 85' lang='lat' dir='ltr'><strong>locum</strong></span> <span class='ocrx_word' id='word_1_101' title='bbox 1243 1451 1276 1509; x_wconf 90' lang='lat' dir='ltr'><strong>in</strong></span> <span class='ocrx_word' id='word_1_102' title='bbox 1296 1447 1353 1509; x_wconf 76' lang='lat' dir='ltr'><strong>hnc</strong></span> 
     </span>
     <span class='ocr_line' id='line_1_13' title="bbox 257 1542 1353 1632; baseline 0.002 -27"><span class='ocrx_word' id='word_1_103' title='bbox 257 1542 393 1606; x_wconf 88' lang='lat' dir='ltr'><strong>editione</strong></span> <span class='ocrx_word' id='word_1_104' title='bbox 411 1545 559 1629; x_wconf 78' lang='lat' dir='ltr'><strong>opusculo</strong></span> <span class='ocrx_word' id='word_1_105' title='bbox 581 1547 667 1627; x_wconf 83' lang='lat' dir='ltr'><strong>dare,</strong></span> <span class='ocrx_word' id='word_1_106' title='bbox 689 1550 890 1632; x_wconf 81' lang='lat' dir='ltr'><strong>interpretatu</strong></span> <span class='ocrx_word' id='word_1_107' title='bbox 910 1548 1035 1632; x_wconf 81' lang='lat' dir='ltr'><strong>quidem</strong></span> <span class='ocrx_word' id='word_1_108' title='bbox 1055 1546 1183 1627; x_wconf 84' lang='lat' dir='ltr'><strong>difficili,</strong></span> <span class='ocrx_word' id='word_1_109' title='bbox 1205 1548 1286 1611; x_wconf 78' lang='lat' dir='ltr'><strong>lectu</strong></span> <span class='ocrx_word' id='word_1_110' title='bbox 1305 1558 1353 1607; x_wconf 86' lang='lat' dir='ltr'><strong>ta·</strong></span> 
     </span>
     <span class='ocr_line' id='line_1_14' title="bbox 257 1645 1354 1731; baseline 0.005 -29"><span class='ocrx_word' id='word_1_111' title='bbox 257 1662 328 1704; x_wconf 91' lang='lat' dir='ltr'><strong>meu</strong></span> <span class='ocrx_word' id='word_1_112' title='bbox 357 1645 504 1725; x_wconf 86' lang='lat' dir='ltr'><strong>iucundo,</strong></span> <span class='ocrx_word' id='word_1_113' title='bbox 537 1645 690 1731; x_wconf 85' lang='lat' dir='ltr'><strong>plenoque</strong></span> <span class='ocrx_word' id='word_1_114' title='bbox 715 1666 820 1710; x_wconf 81' lang='lat' dir='ltr'><strong>rerum</strong></span> <span class='ocrx_word' id='word_1_115' title='bbox 842 1649 919 1710; x_wconf 86' lang='lat' dir='ltr'><strong>scitu</strong></span> <span class='ocrx_word' id='word_1_116' title='bbox 940 1648 1196 1731; x_wconf 72' lang='lat' dir='ltr'><strong>dignissimarum.</strong></span> <span class='ocrx_word' id='word_1_117' title='bbox 1238 1648 1354 1708; x_wconf 88' lang='lat' dir='ltr'><strong>Porum</strong></span> 
     </span>
     <span class='ocr_line' id='line_1_15' title="bbox 254 1741 1353 1829; baseline 0.006 -26"><span class='ocrx_word' id='word_1_118' title='bbox 254 1741 416 1824; x_wconf 78' lang='lat' dir='ltr'><strong>referebat,</strong></span> <span class='ocrx_word' id='word_1_119' title='bbox 430 1746 545 1811; x_wconf 86' lang='lat' dir='ltr'><strong>ubiubi</strong></span> <span class='ocrx_word' id='word_1_120' title='bbox 559 1746 776 1829; x_wconf 69' lang='lat' dir='ltr'><strong>oolloeamtur3</strong></span> <span class='ocrx_word' id='word_1_121' title='bbox 797 1747 890 1809; x_wconf 92' lang='lat' dir='ltr'><strong>modo</strong></span> <span class='ocrx_word' id='word_1_122' title='bbox 902 1748 1003 1809; x_wconf 91' lang='lat' dir='ltr'><strong>loeum</strong></span> <span class='ocrx_word' id='word_1_123' title='bbox 1012 1746 1140 1808; x_wconf 83' lang='lat' dir='ltr'><strong>haberet</strong></span> <span class='ocrx_word' id='word_1_124' title='bbox 1151 1742 1353 1810; x_wconf 76' lang='lat' dir='ltr'><strong>nonnullum.</strong></span> 
     </span>
     <span class='ocr_line' id='line_1_16' title="bbox 337 1841 1353 1907; baseline 0.001 -4"><span class='ocrx_word' id='word_1_125' title='bbox 337 1842 511 1905; x_wconf 74' lang='lat' dir='ltr'><strong>seeundum</strong></span> <span class='ocrx_word' id='word_1_126' title='bbox 540 1844 685 1907; x_wconf 86' lang='lat' dir='ltr'><strong>volumen</strong></span> <span class='ocrx_word' id='word_1_127' title='bbox 716 1845 803 1906; x_wconf 87' lang='lat' dir='ltr'><strong>dabit</strong></span> <span class='ocrx_word' id='word_1_128' title='bbox 830 1844 997 1905; x_wconf 80' lang='lat' dir='ltr'><strong>seeundum</strong></span> <span class='ocrx_word' id='word_1_129' title='bbox 1026 1845 1134 1905; x_wconf 86' lang='lat' dir='ltr'><strong>Graeci</strong></span> <span class='ocrx_word' id='word_1_130' title='bbox 1163 1841 1254 1905; x_wconf 84' lang='lat' dir='ltr'><strong>huius</strong></span> <span class='ocrx_word' id='word_1_131' title='bbox 1275 1846 1353 1904; x_wconf 85' lang='lat' dir='ltr'><strong>oeri-</strong></span> 
     </span>
     <span class='ocr_line' id='line_1_17' title="bbox 253 1939 1351 2025; baseline 0.003 -25"><span class='ocrx_word' id='word_1_132' title='bbox 253 1939 394 2002; x_wconf 83' lang='lat' dir='ltr'><strong>moniolis</strong></span> <span class='ocrx_word' id='word_1_133' title='bbox 425 1940 552 2022; x_wconf 86' lang='lat' dir='ltr'><strong>librum,</strong></span> <span class='ocrx_word' id='word_1_134' title='bbox 583 1964 653 2005; x_wconf 90' lang='lat' dir='ltr'><strong>cum</strong></span> <span class='ocrx_word' id='word_1_135' title='bbox 680 1942 826 2004; x_wconf 85' lang='lat' dir='ltr'><strong>adiuncta</strong></span> <span class='ocrx_word' id='word_1_136' title='bbox 854 1942 967 2003; x_wconf 74' lang='lat' dir='ltr'><strong>muna</strong></span> <span class='ocrx_word' id='word_1_137' title='bbox 995 1962 1064 2003; x_wconf 89' lang='lat' dir='ltr'><strong>mea</strong></span> <span class='ocrx_word' id='word_1_138' title='bbox 1090 1944 1351 2025; x_wconf 80' lang='lat' dir='ltr'><strong>interpretatione.</strong></span> 
     </span>
     <span class='ocr_line' id='line_1_18' title="bbox 252 2038 1353 2126; baseline 0.003 -26"><span class='ocrx_word' id='word_1_139' title='bbox 252 2038 395 2101; x_wconf 80' lang='lat' dir='ltr'><strong>meime</strong></span> <span class='ocrx_word' id='word_1_140' title='bbox 414 2062 566 2125; x_wconf 85' lang='lat' dir='ltr'><strong>apponam</strong></span> <span class='ocrx_word' id='word_1_141' title='bbox 585 2052 673 2105; x_wconf 69' lang='lat' dir='ltr'><strong>notu</strong></span> <span class='ocrx_word' id='word_1_142' title='bbox 692 2043 837 2119; x_wconf 81' lang='lat' dir='ltr'><strong>erin&#39;oaa,</strong></span> <span class='ocrx_word' id='word_1_143' title='bbox 868 2060 949 2123; x_wconf 89' lang='lat' dir='ltr'><strong>quae</strong></span> <span class='ocrx_word' id='word_1_144' title='bbox 967 2040 1104 2102; x_wconf 88' lang='lat' dir='ltr'><strong>oodieem</strong></span> <span class='ocrx_word' id='word_1_145' title='bbox 1132 2042 1284 2103; x_wconf 76' lang='lat' dir='ltr'><strong>Graecum</strong></span> <span class='ocrx_word' id='word_1_146' title='bbox 1303 2052 1353 2126; x_wconf 86' lang='lat' dir='ltr'><strong>ty-</strong></span> 
     </span>
     <span class='ocr_line' id='line_1_19' title="bbox 253 2139 1355 2225; baseline 0.001 -24"><span class='ocrx_word' id='word_1_147' title='bbox 253 2140 301 2223; x_wconf 76' lang='lat' dir='ltr'><strong>p&#39;u</strong></span> <span class='ocrx_word' id='word_1_148' title='bbox 327 2159 502 2223; x_wconf 67' lang='lat' dir='ltr'><strong>expressum</strong></span> <span class='ocrx_word' id='word_1_149' title='bbox 524 2160 560 2201; x_wconf 83' lang='lat' dir='ltr'><strong>ex</strong></span> <span class='ocrx_word' id='word_1_150' title='bbox 579 2146 715 2225; x_wconf 82' lang='lat' dir='ltr'><strong>ipoamm</strong></span> <span class='ocrx_word' id='word_1_151' title='bbox 738 2139 989 2202; x_wconf 80' lang='lat' dir='ltr'><strong>membranarum</strong></span> <span class='ocrx_word' id='word_1_152' title='bbox 1010 2139 1113 2202; x_wconf 83' lang='lat' dir='ltr'><strong>denuo</strong></span> <span class='ocrx_word' id='word_1_153' title='bbox 1132 2161 1151 2201; x_wconf 89' lang='lat' dir='ltr'><strong>o</strong></span> <span class='ocrx_word' id='word_1_154' title='bbox 1169 2161 1219 2202; x_wconf 88' lang='lat' dir='ltr'><strong>me</strong></span> <span class='ocrx_word' id='word_1_155' title='bbox 1233 2140 1355 2223; x_wconf 68' lang='lat' dir='ltr'><strong>diligor</strong></span> 
     </span>
     <span class='ocr_line' id='line_1_20' title="bbox 253 2238 1353 2326; baseline 0.003 -27"><span class='ocrx_word' id='word_1_156' title='bbox 253 2248 302 2300; x_wconf 88' lang='lat' dir='ltr'><strong>ter</strong></span> <span class='ocrx_word' id='word_1_157' title='bbox 319 2240 524 2323; x_wconf 77' lang='lat' dir='ltr'><strong>inspectorum</strong></span> <span class='ocrx_word' id='word_1_158' title='bbox 563 2240 623 2302; x_wconf 85' lang='lat' dir='ltr'><strong>fide</strong></span> <span class='ocrx_word' id='word_1_159' title='bbox 649 2251 681 2303; x_wconf 92' lang='lat' dir='ltr'><strong>et</strong></span> <span class='ocrx_word' id='word_1_160' title='bbox 707 2240 890 2302; x_wconf 82' lang='lat' dir='ltr'><strong>oonioeturis</strong></span> <span class='ocrx_word' id='word_1_161' title='bbox 909 2240 985 2301; x_wconf 83' lang='lat' dir='ltr'><strong>meis</strong></span> <span class='ocrx_word' id='word_1_162' title='bbox 1004 2238 1221 2326; x_wconf 84' lang='lat' dir='ltr'><strong>emendabunt.</strong></span> <span class='ocrx_word' id='word_1_163' title='bbox 1255 2238 1353 2302; x_wconf 73' lang='lat' dir='ltr'><strong>Exci·</strong></span> 
     </span>
     <span class='ocr_line' id='line_1_21' title="bbox 255 2340 1353 2419; baseline 0.001 -21"><span class='ocrx_word' id='word_1_164' title='bbox 255 2340 340 2419; x_wconf 87' lang='lat' dir='ltr'><strong>pient</strong></span> <span class='ocrx_word' id='word_1_165' title='bbox 369 2360 419 2401; x_wconf 77' lang='lat' dir='ltr'><strong>eas</strong></span> <span class='ocrx_word' id='word_1_166' title='bbox 441 2341 718 2402; x_wconf 85' lang='lat' dir='ltr'><strong>animadversiones</strong></span> <span class='ocrx_word' id='word_1_167' title='bbox 737 2340 899 2401; x_wconf 84' lang='lat' dir='ltr'><strong>historicae</strong></span> <span class='ocrx_word' id='word_1_168' title='bbox 923 2340 956 2398; x_wconf 92' lang='lat' dir='ltr'><strong>in</strong></span> <span class='ocrx_word' id='word_1_169' title='bbox 975 2348 1075 2399; x_wconf 82' lang='lat' dir='ltr'><strong>toturn</strong></span> <span class='ocrx_word' id='word_1_170' title='bbox 1095 2349 1172 2417; x_wconf 78' lang='lat' dir='ltr'><strong>opus</strong></span> <span class='ocrx_word' id='word_1_171' title='bbox 1192 2359 1263 2399; x_wconf 91' lang='lat' dir='ltr'><strong>cum</strong></span> <span class='ocrx_word' id='word_1_172' title='bbox 1282 2340 1353 2399; x_wconf 88' lang='lat' dir='ltr'><strong>Lei·</strong></span> 
     </span>
     <span class='ocr_line' id='line_1_22' title="bbox 253 2433 1351 2517; baseline 0 -21"><span class='ocrx_word' id='word_1_173' title='bbox 253 2433 372 2496; x_wconf 82' lang='lat' dir='ltr'><strong>elrinnis</strong></span> <span class='ocrx_word' id='word_1_174' title='bbox 394 2456 492 2514; x_wconf 83' lang='lat' dir='ltr'><strong>meae3</strong></span> <span class='ocrx_word' id='word_1_175' title='bbox 514 2436 604 2497; x_wconf 87' lang='lat' dir='ltr'><strong>linem</strong></span> <span class='ocrx_word' id='word_1_176' title='bbox 635 2438 725 2497; x_wconf 86' lang='lat' dir='ltr'><strong>faciet</strong></span> <span class='ocrx_word' id='word_1_177' title='bbox 747 2434 836 2496; x_wconf 85' lang='lat' dir='ltr'><strong>index</strong></span> <span class='ocrx_word' id='word_1_178' title='bbox 857 2436 1049 2495; x_wconf 71' lang='lat' dir='ltr'><strong>Graecitatis.</strong></span> <span class='ocrx_word' id='word_1_179' title='bbox 1091 2434 1201 2496; x_wconf 83' lang='lat' dir='ltr'><strong>Latina</strong></span> <span class='ocrx_word' id='word_1_180' title='bbox 1227 2436 1351 2517; x_wconf 85' lang='lat' dir='ltr'><strong>quidem</strong></span> 
     </span>
     <span class='ocr_line' id='line_1_23' title="bbox 255 2532 1353 2617; baseline -0.001 -21"><span class='ocrx_word' id='word_1_181' title='bbox 255 2534 467 2617; x_wconf 78' lang='lat' dir='ltr'><strong>interpretatio</strong></span> <span class='ocrx_word' id='word_1_182' title='bbox 488 2536 521 2595; x_wconf 90' lang='lat' dir='ltr'><strong>in</strong></span> <span class='ocrx_word' id='word_1_183' title='bbox 541 2533 657 2596; x_wconf 91' lang='lat' dir='ltr'><strong>mundo</strong></span> <span class='ocrx_word' id='word_1_184' title='bbox 677 2544 743 2615; x_wconf 80' lang='lat' dir='ltr'><strong>est,</strong></span> <span class='ocrx_word' id='word_1_185' title='bbox 772 2544 809 2594; x_wconf 89' lang='lat' dir='ltr'><strong>ut</strong></span> <span class='ocrx_word' id='word_1_186' title='bbox 828 2532 916 2597; x_wconf 83' lang='lat' dir='ltr'><strong>facile</strong></span> <span class='ocrx_word' id='word_1_187' title='bbox 940 2534 1036 2615; x_wconf 81' lang='lat' dir='ltr'><strong>poaait</strong></span> <span class='ocrx_word' id='word_1_188' title='bbox 1054 2552 1117 2593; x_wconf 86' lang='lat' dir='ltr'><strong>uua</strong></span> <span class='ocrx_word' id='word_1_189' title='bbox 1136 2555 1208 2595; x_wconf 89' lang='lat' dir='ltr'><strong>cum</strong></span> <span class='ocrx_word' id='word_1_190' title='bbox 1227 2536 1353 2595; x_wconf 79' lang='lat' dir='ltr'><strong>Graecia</strong></span> 
     </span>
     <span class='ocr_line' id='line_1_24' title="bbox 255 2632 1352 2719; baseline -0.002 -23"><span class='ocrx_word' id='word_1_191' title='bbox 255 2634 335 2699; x_wconf 84' lang='lat' dir='ltr'><strong>intra</strong></span> <span class='ocrx_word' id='word_1_192' title='bbox 355 2634 450 2698; x_wconf 80' lang='lat' dir='ltr'><strong>breve</strong></span> <span class='ocrx_word' id='word_1_193' title='bbox 469 2644 590 2719; x_wconf 77' lang='lat' dir='ltr'><strong>tempus</strong></span> <span class='ocrx_word' id='word_1_194' title='bbox 610 2633 715 2719; x_wconf 83' lang='lat' dir='ltr'><strong>praelo</strong></span> <span class='ocrx_word' id='word_1_195' title='bbox 734 2632 866 2695; x_wconf 83' lang='lat' dir='ltr'><strong>absolvi.</strong></span> <span class='ocrx_word' id='word_1_196' title='bbox 908 2632 1038 2717; x_wconf 78' lang='lat' dir='ltr'><strong>Reliqua</strong></span> <span class='ocrx_word' id='word_1_197' title='bbox 1058 2634 1199 2717; x_wconf 85' lang='lat' dir='ltr'><strong>quamvis</strong></span> <span class='ocrx_word' id='word_1_198' title='bbox 1211 2632 1352 2716; x_wconf 81' lang='lat' dir='ltr'><strong>expeditu</strong></span> 
     </span>
     <span class='ocr_line' id='line_1_25' title="bbox 255 2732 1351 2821; baseline -0.002 -24"><span class='ocrx_word' id='word_1_199' title='bbox 255 2734 352 2797; x_wconf 89' lang='lat' dir='ltr'><strong>ardua</strong></span> <span class='ocrx_word' id='word_1_200' title='bbox 370 2746 402 2797; x_wconf 91' lang='lat' dir='ltr'><strong>et</strong></span> <span class='ocrx_word' id='word_1_201' title='bbox 420 2754 601 2797; x_wconf 84' lang='lat' dir='ltr'><strong>aerumnosa</strong></span> <span class='ocrx_word' id='word_1_202' title='bbox 629 2754 722 2821; x_wconf 81' lang='lat' dir='ltr'><strong>pensa</strong></span> <span class='ocrx_word' id='word_1_203' title='bbox 743 2734 828 2811; x_wconf 83' lang='lat' dir='ltr'><strong>siut,</strong></span> <span class='ocrx_word' id='word_1_204' title='bbox 849 2752 940 2817; x_wconf 81' lang='lat' dir='ltr'><strong>apem</strong></span> <span class='ocrx_word' id='word_1_205' title='bbox 958 2742 1061 2794; x_wconf 87' lang='lat' dir='ltr'><strong>tamen</strong></span> <span class='ocrx_word' id='word_1_206' title='bbox 1080 2732 1165 2812; x_wconf 84' lang='lat' dir='ltr'><strong>lore,</strong></span> <span class='ocrx_word' id='word_1_207' title='bbox 1189 2734 1215 2795; x_wconf 86' lang='lat' dir='ltr'><strong>ai</strong></span> <span class='ocrx_word' id='word_1_208' title='bbox 1245 2734 1351 2816; x_wconf 84' lang='lat' dir='ltr'><strong>propi-</strong></span> 
     </span>
     <span class='ocr_line' id='line_1_26' title="bbox 253 2830 1349 2918; baseline -0.005 -19"><span class='ocrx_word' id='word_1_209' title='bbox 253 2838 332 2899; x_wconf 86' lang='lat' dir='ltr'><strong>tium</strong></span> <span class='ocrx_word' id='word_1_210' title='bbox 353 2855 466 2897; x_wconf 89' lang='lat' dir='ltr'><strong>numen</strong></span> <span class='ocrx_word' id='word_1_211' title='bbox 487 2835 602 2918; x_wconf 77' lang='lat' dir='ltr'><strong>coeptio</strong></span> <span class='ocrx_word' id='word_1_212' title='bbox 620 2836 696 2895; x_wconf 77' lang='lat' dir='ltr'><strong>meis</strong></span> <span class='ocrx_word' id='word_1_213' title='bbox 716 2833 864 2915; x_wconf 85' lang='lat' dir='ltr'><strong>adspiret,</strong></span> <span class='ocrx_word' id='word_1_214' title='bbox 884 2842 920 2893; x_wconf 93' lang='lat' dir='ltr'><strong>ut</strong></span> <span class='ocrx_word' id='word_1_215' title='bbox 942 2841 1069 2894; x_wconf 82' lang='lat' dir='ltr'><strong>exeunte</strong></span> <span class='ocrx_word' id='word_1_216' title='bbox 1082 2830 1206 2894; x_wconf 85' lang='lat' dir='ltr'><strong>biennio</strong></span> <span class='ocrx_word' id='word_1_217' title='bbox 1220 2832 1349 2895; x_wconf 79' lang='lat' dir='ltr'><strong>nitemur</strong></span> 
     </span>
     <span class='ocr_line' id='line_1_27' title="bbox 255 2928 1348 3020; baseline -0.002 -23"><span class='ocrx_word' id='word_1_218' title='bbox 255 2956 379 3020; x_wconf 80' lang='lat' dir='ltr'><strong>quoque</strong></span> <span class='ocrx_word' id='word_1_219' title='bbox 399 2934 556 3014; x_wconf 85' lang='lat' dir='ltr'><strong>volumen,</strong></span> <span class='ocrx_word' id='word_1_220' title='bbox 580 2932 737 3017; x_wconf 83' lang='lat' dir='ltr'><strong>aliquanto</strong></span> <span class='ocrx_word' id='word_1_221' title='bbox 769 2933 904 3013; x_wconf 72' lang='lat' dir='ltr'><strong>spissius,</strong></span> <span class='ocrx_word' id='word_1_222' title='bbox 924 2950 1018 3012; x_wconf 84' lang='lat' dir='ltr'><strong>quam</strong></span> <span class='ocrx_word' id='word_1_223' title='bbox 1038 2928 1098 2991; x_wconf 89' lang='lat' dir='ltr'><strong>hoe</strong></span> <span class='ocrx_word' id='word_1_224' title='bbox 1118 2941 1176 3011; x_wconf 75' lang='lat' dir='ltr'><strong>est,</strong></span> <span class='ocrx_word' id='word_1_225' title='bbox 1198 2930 1348 3016; x_wconf 75' lang='lat' dir='ltr'><strong>summm,</strong></span> 
     </span>
     <span class='ocr_line' id='line_1_28' title="bbox 254 3030 917 3098; baseline -0.014 -1"><span class='ocrx_word' id='word_1_226' title='bbox 254 3037 287 3098; x_wconf 88' lang='lat' dir='ltr'><strong>in</strong></span> <span class='ocrx_word' id='word_1_227' title='bbox 308 3036 470 3097; x_wconf 81' lang='lat' dir='ltr'><strong>doetomun</strong></span> <span class='ocrx_word' id='word_1_228' title='bbox 490 3032 650 3097; x_wconf 89' lang='lat' dir='ltr'><strong>hominum</strong></span> <span class='ocrx_word' id='word_1_229' title='bbox 671 3051 780 3093; x_wconf 73' lang='lat' dir='ltr'><strong>manau</strong></span> <span class='ocrx_word' id='word_1_230' title='bbox 801 3030 917 3090; x_wconf 87' lang='lat' dir='ltr'><strong>veniat.</strong></span> 
     </span>
    </p>

    <p class='ocr_par' dir='ltr' id='par_1_3' title="bbox 253 3125 1348 4207">
     <span class='ocr_line' id='line_1_29' title="bbox 336 3125 1346 3215; baseline -0.004 -20"><span class='ocrx_word' id='word_1_231' title='bbox 336 3132 365 3215; x_wconf 74' lang='lat' dir='ltr'><strong>S.</strong></span> <span class='ocrx_word' id='word_1_232' title='bbox 386 3132 421 3195; x_wconf 87' lang='grc'><strong>6.</strong></span> <span class='ocrx_word' id='word_1_233' title='bbox 471 3130 656 3193; x_wconf 82' lang='lat' dir='ltr'><strong>Admonitio</strong></span> <span class='ocrx_word' id='word_1_234' title='bbox 686 3126 727 3191; x_wconf 80' lang='lat' dir='ltr'><strong>de</strong></span> <span class='ocrx_word' id='word_1_235' title='bbox 755 3126 876 3193; x_wconf 77' lang='lat' dir='ltr'><strong>tabulis</strong></span> <span class='ocrx_word' id='word_1_236' title='bbox 899 3125 1009 3188; x_wconf 78' lang='lat' dir='ltr'><strong>aeneia</strong></span> <span class='ocrx_word' id='word_1_237' title='bbox 1026 3125 1155 3212; x_wconf 79' lang='lat' dir='ltr'><strong>primae</strong></span> <span class='ocrx_word' id='word_1_238' title='bbox 1172 3130 1267 3215; x_wconf 80' lang='lat' dir='ltr'><strong>porti</strong></span> <span class='ocrx_word' id='word_1_239' title='bbox 1285 3129 1346 3191; x_wconf 76' lang='lat' dir='ltr'><strong>tu·</strong></span> 
     </span>
     <span class='ocr_line' id='line_1_30' title="bbox 258 3221 1348 3313; baseline -0.005 -21"><span class='ocrx_word' id='word_1_240' title='bbox 258 3230 308 3292; x_wconf 79' lang='lat' dir='ltr'><strong>ius</strong></span> <span class='ocrx_word' id='word_1_241' title='bbox 328 3232 434 3313; x_wconf 76' lang='lat' dir='ltr'><strong>operis</strong></span> <span class='ocrx_word' id='word_1_242' title='bbox 454 3230 593 3291; x_wconf 76' lang='lat' dir='ltr'><strong>insertis.</strong></span> <span class='ocrx_word' id='word_1_243' title='bbox 637 3228 675 3291; x_wconf 89' lang='lat' dir='ltr'><strong>ln</strong></span> <span class='ocrx_word' id='word_1_244' title='bbox 704 3230 807 3312; x_wconf 86' lang='lat' dir='ltr'><strong>primo</strong></span> <span class='ocrx_word' id='word_1_245' title='bbox 837 3225 911 3289; x_wconf 80' lang='lat' dir='ltr'><strong>folio</strong></span> <span class='ocrx_word' id='word_1_246' title='bbox 943 3224 1054 3287; x_wconf 82' lang='lat' dir='ltr'><strong>Graeci</strong></span> <span class='ocrx_word' id='word_1_247' title='bbox 1072 3228 1174 3309; x_wconf 79' lang='lat' dir='ltr'><strong>operio</strong></span> <span class='ocrx_word' id='word_1_248' title='bbox 1189 3221 1348 3289; x_wconf 75' lang='lat' dir='ltr'><strong>curave-at</strong></span> 
     </span>
     <span class='ocr_line' id='line_1_31' title="bbox 254 3323 1346 3413; baseline -0.005 -23"><span class='ocrx_word' id='word_1_249' title='bbox 254 3328 552 3391; x_wconf 74' lang='lat' dir='ltr'><strong>el.1.nca1uatum</strong></span> <span class='ocrx_word' id='word_1_250' title='bbox 570 3329 740 3413; x_wconf 83' lang='lat' dir='ltr'><strong>temporis,</strong></span> <span class='ocrx_word' id='word_1_251' title='bbox 761 3346 858 3411; x_wconf 88' lang='lat' dir='ltr'><strong>quum</strong></span> <span class='ocrx_word' id='word_1_252' title='bbox 878 3323 910 3386; x_wconf 92' lang='lat' dir='ltr'><strong>id</strong></span> <span class='ocrx_word' id='word_1_253' title='bbox 932 3326 1014 3409; x_wconf 72' lang='lat' dir='ltr'><strong>typis</strong></span> <span class='ocrx_word' id='word_1_254' title='bbox 1037 3326 1256 3403; x_wconf 83' lang='lat' dir='ltr'><strong>excuderetur,</strong></span> <span class='ocrx_word' id='word_1_255' title='bbox 1287 3328 1346 3386; x_wconf 85' lang='lat' dir='ltr'><strong>tria</strong></span> 
     </span>
     <span class='ocr_line' id='line_1_32' title="bbox 254 3424 1345 3513; baseline -0.002 -26"><span class='ocrx_word' id='word_1_256' title='bbox 254 3448 352 3489; x_wconf 80' lang='lat' dir='ltr'><strong>vueua</strong></span> <span class='ocrx_word' id='word_1_257' title='bbox 378 3431 475 3511; x_wconf 80' lang='lat' dir='ltr'><strong>spatio</strong></span> <span class='ocrx_word' id='word_1_258' title='bbox 503 3450 562 3513; x_wconf 90' lang='lat' dir='ltr'><strong>pro</strong></span> <span class='ocrx_word' id='word_1_259' title='bbox 591 3429 718 3491; x_wconf 89' lang='lat' dir='ltr'><strong>totidem</strong></span> <span class='ocrx_word' id='word_1_260' title='bbox 744 3424 856 3487; x_wconf 72' lang='lat' dir='ltr'><strong>tabulis</strong></span> <span class='ocrx_word' id='word_1_261' title='bbox 876 3427 979 3486; x_wconf 76' lang='lat' dir='ltr'><strong>aeneis</strong></span> <span class='ocrx_word' id='word_1_262' title='bbox 999 3424 1150 3508; x_wconf 87' lang='lat' dir='ltr'><strong>relinqui,</strong></span> <span class='ocrx_word' id='word_1_263' title='bbox 1172 3424 1345 3507; x_wconf 79' lang='lat' dir='ltr'><strong>parotium</strong></span> 
     </span>
     <span class='ocr_line' id='line_1_33' title="bbox 253 3521 1348 3613; baseline -0.001 -29"><span class='ocrx_word' id='word_1_264' title='bbox 253 3522 430 3607; x_wconf 85' lang='lat' dir='ltr'><strong>aliquando,</strong></span> <span class='ocrx_word' id='word_1_265' title='bbox 451 3540 481 3591; x_wconf 92' lang='lat' dir='ltr'><strong>et</strong></span> <span class='ocrx_word' id='word_1_266' title='bbox 499 3529 623 3613; x_wconf 88' lang='lat' dir='ltr'><strong>quando</strong></span> <span class='ocrx_word' id='word_1_267' title='bbox 643 3527 760 3588; x_wconf 81' lang='lat' dir='ltr'><strong>luberet</strong></span> <span class='ocrx_word' id='word_1_268' title='bbox 780 3544 799 3583; x_wconf 94' lang='lat' dir='ltr'><strong>a</strong></span> <span class='ocrx_word' id='word_1_269' title='bbox 819 3522 1042 3609; x_wconf 74' lang='lat' dir='ltr'><strong>ehaleogmpho</strong></span> <span class='ocrx_word' id='word_1_270' title='bbox 1062 3522 1240 3607; x_wconf 73' lang='lat' dir='ltr'><strong>supplmda.</strong></span> <span class='ocrx_word' id='word_1_271' title='bbox 1265 3521 1348 3584; x_wconf 84' lang='lat' dir='ltr'><strong>Ante</strong></span> 
     </span>
     <span class='ocr_line' id='line_1_34' title="bbox 253 3622 1345 3707; baseline -0.002 -21"><span class='ocrx_word' id='word_1_272' title='bbox 253 3644 341 3703; x_wconf 78' lang='lat' dir='ltr'><strong>vero,</strong></span> <span class='ocrx_word' id='word_1_273' title='bbox 362 3648 454 3707; x_wconf 86' lang='lat' dir='ltr'><strong>quum</strong></span> <span class='ocrx_word' id='word_1_274' title='bbox 482 3631 561 3689; x_wconf 83' lang='lat' dir='ltr'><strong>aerio</strong></span> <span class='ocrx_word' id='word_1_275' title='bbox 592 3624 760 3688; x_wconf 83' lang='lat' dir='ltr'><strong>haedere</strong></span> <span class='ocrx_word' id='word_1_276' title='bbox 780 3626 947 3707; x_wconf 79' lang='lat' dir='ltr'><strong>eogitaret,</strong></span> <span class='ocrx_word' id='word_1_277' title='bbox 970 3625 1067 3687; x_wconf 84' lang='lat' dir='ltr'><strong>latum</strong></span> <span class='ocrx_word' id='word_1_278' title='bbox 1096 3644 1166 3685; x_wconf 87' lang='lat' dir='ltr'><strong>eum</strong></span> <span class='ocrx_word' id='word_1_279' title='bbox 1185 3622 1345 3685; x_wconf 80' lang='lat' dir='ltr'><strong>evocabat.</strong></span> 
     </span>
     <span class='ocr_line' id='line_1_35' title="bbox 254 3714 1347 3808; baseline 0.001 -25"><span class='ocrx_word' id='word_1_280' title='bbox 254 3724 359 3802; x_wconf 85' lang='lat' dir='ltr'><strong>Quum</strong></span> <span class='ocrx_word' id='word_1_281' title='bbox 388 3726 490 3805; x_wconf 86' lang='lat' dir='ltr'><strong>itaque</strong></span> <span class='ocrx_word' id='word_1_282' title='bbox 518 3730 669 3808; x_wconf 80' lang='lat' dir='ltr'><strong>integrum</strong></span> <span class='ocrx_word' id='word_1_283' title='bbox 697 3722 772 3783; x_wconf 79' lang='lat' dir='ltr'><strong>milri</strong></span> <span class='ocrx_word' id='word_1_284' title='bbox 801 3734 878 3786; x_wconf 77' lang='lat' dir='ltr'><strong>esset</strong></span> <span class='ocrx_word' id='word_1_285' title='bbox 899 3746 956 3808; x_wconf 88' lang='lat' dir='ltr'><strong>pro</strong></span> <span class='ocrx_word' id='word_1_286' title='bbox 975 3723 1073 3786; x_wconf 86' lang='lat' dir='ltr'><strong>lubitu</strong></span> <span class='ocrx_word' id='word_1_287' title='bbox 1093 3734 1123 3782; x_wconf 85' lang='lat' dir='ltr'><strong>et</strong></span> <span class='ocrx_word' id='word_1_288' title='bbox 1143 3714 1256 3782; x_wconf 81' lang='lat' dir='ltr'><strong>iudicio</strong></span> <span class='ocrx_word' id='word_1_289' title='bbox 1278 3742 1347 3784; x_wconf 86' lang='lat' dir='ltr'><strong>meo</strong></span> 
     </span>
     <span class='ocr_line' id='line_1_36' title="bbox 255 3820 1347 3906; baseline 0.001 -23"><span class='ocrx_word' id='word_1_290' title='bbox 255 3823 399 3901; x_wconf 77' lang='lat' dir='ltr'><strong>imagines</strong></span> <span class='ocrx_word' id='word_1_291' title='bbox 424 3826 506 3903; x_wconf 83' lang='lat' dir='ltr'><strong>operi</strong></span> <span class='ocrx_word' id='word_1_292' title='bbox 530 3826 654 3903; x_wconf 78' lang='lat' dir='ltr'><strong>addere,</strong></span> <span class='ocrx_word' id='word_1_293' title='bbox 676 3824 707 3882; x_wconf 93' lang='lat' dir='ltr'><strong>in</strong></span> <span class='ocrx_word' id='word_1_294' title='bbox 732 3824 797 3903; x_wconf 87' lang='lat' dir='ltr'><strong>ipso</strong></span> <span class='ocrx_word' id='word_1_295' title='bbox 820 3824 1008 3906; x_wconf 80' lang='lat' dir='ltr'><strong>frontispicio</strong></span> <span class='ocrx_word' id='word_1_296' title='bbox 1028 3820 1173 3883; x_wconf 73' lang='lat' dir='ltr'><strong>collocavi</strong></span> <span class='ocrx_word' id='word_1_297' title='bbox 1195 3824 1347 3905; x_wconf 74' lang='lat' dir='ltr'><strong>egregiam</strong></span> 
     </span>
     <span class='ocr_line' id='line_1_37' title="bbox 255 3920 1347 4005; baseline 0.002 -23"><span class='ocrx_word' id='word_1_298' title='bbox 255 3921 417 4004; x_wconf 84' lang='lat' dir='ltr'><strong>Nicephori</strong></span> <span class='ocrx_word' id='word_1_299' title='bbox 452 3922 628 3984; x_wconf 86' lang='lat' dir='ltr'><strong>Botouiatoe</strong></span> <span class='ocrx_word' id='word_1_300' title='bbox 656 3924 831 4005; x_wconf 80' lang='lat' dir='ltr'><strong>imaginem,</strong></span> <span class='ocrx_word' id='word_1_301' title='bbox 860 3946 895 3987; x_wconf 81' lang='lat' dir='ltr'><strong>ex</strong></span> <span class='ocrx_word' id='word_1_302' title='bbox 916 3921 1134 3985; x_wconf 81' lang='lat' dir='ltr'><strong>Moutlaueouii</strong></span> <span class='ocrx_word' id='word_1_303' title='bbox 1160 3920 1347 3984; x_wconf 84' lang='lat' dir='ltr'><strong>Bibliotheca</strong></span> 
     </span>
     <span class='ocr_line' id='line_1_38' title="bbox 254 4020 1340 4105; baseline 0 -24"><span class='ocrx_word' id='word_1_304' title='bbox 254 4021 439 4083; x_wconf 86' lang='lat' dir='ltr'><strong>Coisliuiana</strong></span> <span class='ocrx_word' id='word_1_305' title='bbox 460 4022 662 4103; x_wconf 71' lang='lat' dir='ltr'><strong>depromam,</strong></span> <span class='ocrx_word' id='word_1_306' title='bbox 684 4036 844 4105; x_wconf 80' lang='lat' dir='ltr'><strong>propterea</strong></span> <span class='ocrx_word' id='word_1_307' title='bbox 868 4027 1019 4096; x_wconf 75' lang='lat' dir='ltr'><strong>inarime,</strong></span> <span class='ocrx_word' id='word_1_308' title='bbox 1039 4020 1122 4103; x_wconf 89' lang='lat' dir='ltr'><strong>quod</strong></span> <span class='ocrx_word' id='word_1_309' title='bbox 1144 4040 1208 4080; x_wconf 88' lang='lat' dir='ltr'><strong>rem</strong></span> <span class='ocrx_word' id='word_1_310' title='bbox 1229 4024 1340 4083; x_wconf 72' lang='lat' dir='ltr'><strong>vestia-</strong></span> 
     </span>
     <span class='ocr_line' id='line_1_39' title="bbox 256 4119 1346 4207; baseline -0.001 -27"><span class='ocrx_word' id='word_1_311' title='bbox 256 4124 332 4183; x_wconf 81' lang='lat' dir='ltr'><strong>riam</strong></span> <span class='ocrx_word' id='word_1_312' title='bbox 353 4123 587 4205; x_wconf 82' lang='lat' dir='ltr'><strong>Byzantinornm</strong></span> <span class='ocrx_word' id='word_1_313' title='bbox 617 4124 683 4184; x_wconf 78' lang='lat' dir='ltr'><strong>nevi</strong></span> <span class='ocrx_word' id='word_1_314' title='bbox 715 4119 820 4201; x_wconf 85' lang='lat' dir='ltr'><strong>medii,</strong></span> <span class='ocrx_word' id='word_1_315' title='bbox 856 4122 990 4207; x_wconf 82' lang='lat' dir='ltr'><strong>proiecto</strong></span> <span class='ocrx_word' id='word_1_316' title='bbox 1020 4120 1234 4205; x_wconf 73' lang='lat' dir='ltr'><strong>perobscurum</strong></span> <span class='ocrx_word' id='word_1_317' title='bbox 1268 4132 1298 4182; x_wconf 88' lang='lat' dir='ltr'><strong>et</strong></span> <span class='ocrx_word' id='word_1_318' title='bbox 1327 4142 1346 4179; x_wconf 85' lang='lat' dir='ltr'><strong>a</strong></span> 
     </span>
    </p>
   </div>
   <div class='ocr_carea' id='block_1_3' title="bbox 0 0 1568 4917">
    <p class='ocr_par' dir='ltr' id='par_1_4' title="bbox 0 0 1568 4917">
     <span class='ocr_line' id='line_1_40' title="bbox 0 0 1568 4917; baseline 0 2"><span class='ocrx_word' id='word_1_319' title='bbox 0 0 1568 4917; x_wconf 95' lang='lat' dir='ltr'><strong> </strong></span> 
     </span>
    </p>
   </div>
  </div>
 </body>
</html>
