3125 4917
211 296 316 357 xxiv
571 289 627 353 10.
657 288 737 355 ilc.
754 289 920 353 ,natant

126 518 130 527 ¹
210 455 331 528 patrem
357 440 446 502 obiit.
494 438 581 501 Idem
604 439 737 523 appellat
768 438 901 501 eundem
931 440 1159 523 imperatorem
1192 461 1302 526 suum

210 563 275 625 quo
295 540 442 624 significat
462 536 626 617 Basiliam,
646 562 709 623 quo
729 551 867 623 tempore
885 540 944 600 ista
965 539 1059 601 umba
1080 540 1303 623 exarabantur,

212 641 313 705 adhuc
334 640 367 701 in
389 640 466 700 vivis
487 650 517 700 ct
539 641 572 701 in
593 660 713 701 summa
732 660 837 700 rerum
856 648 1006 721 potestate
1027 638 1129 701 faisse.
1151 640 1306 723 Significat

213 760 336 825 quoque
355 760 387 801 se
406 741 507 821 ipsum
527 732 573 799 illi
597 738 778 821 expatisoni
800 737 983 799 interfirisse.
1036 735 1202 800 Perhibent
1220 738 1305 802 idem

212 840 252 901 de
274 840 486 919 Constantino,
505 836 608 899 Basilii
636 836 712 911 tilio,
734 855 798 899 non
816 847 938 898 tantum
954 836 1112 899 Cannam
1132 849 1162 899 et
1180 838 1305 901 Saarna

212 938 391 1015 Macarta,
411 937 465 999 sed
485 936 576 998 etiam
591 936 752 1021 Appendix
772 938 869 998 nostri
881 934 974 998 huius
992 938 1108 1019 operis,
1126 934 1194 998 loco
1211 958 1305 1021 mem

212 1037 315 1123 paullo
332 1049 403 1099 ante
421 1036 605 1098 indicabam.
652 1038 758 1115 Quum
777 1039 881 1119 itaque
901 1036 1118 1097 Consmntinm
1139 1034 1192 1096 ille
1210 1035 1307 1097 altem

212 1150 282 1226 post
302 1140 391 1199 istam
412 1134 634 1219 expeditionem
656 1134 811 1196 annosam
830 1156 887 1196 suo
898 1136 1089 1211 concesserit,
1110 1154 1232 1195 necesse
1248 1144 1305 1213 est,

71 1238 204 1297 aalma
212 1238 337 1300 Taotica
357 1236 410 1299 illa
431 1236 524 1297 fuisse
542 1237 625 1296 intra
655 1256 751 1296 annos
772 1234 849 1296 Chr.
869 1232 931 1318 878
952 1243 983 1295 et
1002 1231 1065 1317 ⁸79
1092 1235 1224 1316 scripta,
1244 1253 1307 1317 quo

210 1348 348 1420 tempore
365 1337 496 1397 auctoris
509 1334 614 1415 frater,
629 1334 692 1395 Leo
707 1336 838 1417 sapiens,
855 1332 1045 1394 Constantini
1054 1335 1196 1415 sapientie
1206 1342 1307 1417 pater,

210 1435 349 1499 nondum
371 1455 496 1497 uxorem
517 1432 668 1515 duraset,
692 1434 801 1517 viginti
822 1454 872 1494 sex
894 1428 989 1495 ferme
1004 1433 1092 1493 annia
1111 1443 1194 1512 ante,
1215 1451 1310 1514 mam

212 1534 264 1599 ille
293 1534 511 1598 Constantinus
538 1535 571 1595 in
600 1532 700 1598 lucem
726 1532 888 1619 ederetur,
920 1533 971 1593 cui
995 1530 1089 1614 vulgo
1118 1530 1323 1595 tributentur..

297 1634 341 1696 At
360 1634 435 1717 quid
455 1637 500 1696 ais
520 1634 559 1695 de
579 1632 671 1696 loco'l
691 1636 851 1714 (repugnet
871 1630 1008 1711 aliquis),
1029 1633 1084 1713 qui
1104 1632 1138 1691 in
1157 1630 1218 1691 fine
1237 1628 1310 1691 illo·

215 1752 286 1797 ram
306 1734 506 1815 ipsorummet
525 1732 741 1807 Tacticorurn,
762 1748 825 1787 non
845 1747 883 1787 ec
903 1729 956 1809 qui
976 1725 1052 1787 olim
1072 1726 1149 1805 fuit,
1183 1726 1237 1789 scd
1257 1729 1311 1811 qni

215 1830 361 1897 hodiem
381 1828 489 1892 mutila
507 1827 641 1889 editione
661 1827 837 1888 Meursiana
857 1835 923 1905 est,
942 1845 1014 1908 pag.
1038 1822 1089 1903 52,
1111 1826 1144 1885 in
1164 1846 1228 1907 quo
1246 1846 1313 1889 me

216 1940 354 1995 moratur
374 1927 483 2013 aliquis
502 1927 701 2010 Nicephorus
711 1970 725 2000 ,
757 1946 870 2008 quem,
891 1927 945 2007 qui
965 1945 1001 1985 ea
1021 1925 1159 2006 scripsit,
1179 1923 1314 2008 appellat

216 2030 328 2093 ducem
349 2050 452 2104 suum,
474 2040 505 2091 et
524 2048 547 2091 a
568 2048 600 2089 se
622 2027 750 2089 missum
772 2029 809 2088 ἰιι
828 2022 961 2103 Syriam
979 2022 1158 2109 ingentibus
1178 2026 1222 2086 ait
1241 2024 1314 2090 cta-

216 2125 311 2191 ditus
337 2126 520 2211 Saracenos
553 2124 715 2209 affecisse.
766 2124 804 2183 ln
830 2125 983 2183 nerninem
1011 2124 1045 2185 id
1075 2124 1183 2185 cadere
1213 2135 1315 2209 potest

217 2245 313 2309 quam
333 2222 469 2285 inillam
489 2224 602 2306 ipsum,
621 2224 708 2283 cuius
722 2224 756 2282 in
775 2221 985 2305 superioribus
1005 2225 1210 2303 meminimus,
1222 2225 1314 2286 Nice·

215 2324 349 2411 phorum
371 2322 532 2401 Phocum,
553 2324 606 2405 qui
627 2319 701 2382 olim
721 2320 803 2400 dux,
825 2342 879 2381 seu
908 2320 1091 2385 domesticus
1116 2321 1314 2405 scholarum,

218 2423 411 2486 Constantini
429 2423 593 2505 sapientis,
614 2432 644 2481 et
663 2419 739 2499 filii,
760 2421 913 2500 Romani,
934 2419 1045 2482 deinde
1063 2432 1133 2505 post
1151 2421 1243 2484 husus
1263 2444 1315 2484 ex-

218 2542 339 2585 cessum
370 2518 516 2582 orientale
547 2521 650 2601 rapuit
679 2519 855 2601 imperium.
910 2516 1007 2600 Atqui
1040 2520 1231 2603 Nicephorus
1263 2518 1317 2583 illa

219 2618 359 2685 nondum
378 2620 413 2679 in
432 2620 511 2681 vivis
530 2627 597 2679 tum
619 2628 704 2697 erat,
735 2637 832 2700 quum
852 2616 1087 2701 Constantinus,
1113 2618 1218 2685 Basilii
1245 2620 1315 2685 Ma-

221 2718 344 2783 cedonis
357 2716 453 2798 filius,
474 2720 555 2781 vivia
574 2716 742 2779 excederet.

302 2817 447 2882 Arduum
476 2838 629 2900 agnosco,
663 2816 716 2879 sed
743 2838 877 2903 aequum
907 2840 995 2899 esse,
1024 2819 1109 2904 qaod
1137 2822 1315 2906 opponitur.

221 2916 378 2999 Quaeram
398 2926 500 2977 tamen
520 2936 556 2977 ex
575 2914 629 2976 illo
651 2918 718 2999 ipso
738 2927 921 2998 argumento
940 2918 1072 2999 speciem
1093 2928 1124 2979 et
1154 2917 1250 2979 robur
1269 2916 1315 2979 illi

220 3018 387 3082 enatentiae
418 3016 602 3101 posteriori,
630 3014 669 3076 ad
697 3035 792 3098 quam
819 3037 913 3099 supra
939 3015 1001 3078 dixi
1029 3037 1080 3077 mc
1099 3018 1196 3100 magis
1215 3018 1320 3078 anima

221 3114 426 3200 propendere,
447 3124 478 3174 et
497 3134 576 3197 quae
596 3115 714 3195 statuit,
735 3114 971 3177 Constantinum
990 3116 1114 3199 quidem
1125 3112 1318 3201 Sapientem,

223 3212 337 3277 Leonis
356 3210 474 3291 lilium,
494 3210 625 3272 Romani
645 3224 785 3293 patrem,
807 3213 917 3295 huius,
938 3216 1024 3300 quod
1043 3238 1125 3278 nunc
1145 3216 1217 3298 edo,
1240 3217 1320 3280 ceri-

221 3308 365 3389 moniale
384 3310 458 3373 libri
477 3320 632 3372 auctorem
653 3329 731 3389 esse,
751 3314 869 3374 venisse
888 3325 990 3375 antem
1010 3336 1153 3397 processu
1172 3314 1320 3399 temporie

225 3408 369 3496 aliquem,
389 3412 443 3495 qni
463 3412 558 3497 operi
568 3408 613 3470 illi
633 3408 672 3470 de
692 3429 748 3470 suo
761 3410 912 3493 quaedam
931 3411 1094 3493 addiderit,
1115 3418 1168 3498 qni
1189 3415 1321 3475 fireritne

223 3509 439 3571 Cmstantinm
452 3530 566 3593 nepos,
587 3530 627 3570 an
646 3508 771 3587 alius,
762 3531 795 3570 ιιι
809 3509 914 3571 medio
927 3512 1060 3594 positum
1074 3512 1225 3627 relinquo.
1249 3510 1321 3571 Non

222 3606 433 3689 improbabilis
456 3618 573 3689 maren,
593 3607 669 3669 mihi
695 3607 832 3693 quidem,
852 3608 1030 3691 videtur,'
1006 3632 1032 3673 n
1060 3614 1130 3694 quis
1157 3611 1320 3686 existimet,

224 3704 258 3769 id
288 3704 369 3765 idem
383 3702 533 3769 ¹licentiae
567 3718 711 3789 nepotem
738 3708 796 3769 sibi
825 3711 859 3770 in
878 3711 929 3772 ari
949 3731 1027 3794 opus
1045 3727 1216 3790 arrogasse,
1236 3706 1321 3789 quod

227 3824 304 3867 avua
325 3804 359 3864 ia
379 3805 480 3885 patrui
499 3826 575 3888 opas
595 3806 652 3867 sibi
673 3820 882 3891 arrogaverat.
932 3810 1052 3871 Eomm
1083 3806 1135 3868 ille
1163 3825 1229 3866 mos
1256 3817 1322 3871 erat
1406 3817 1409 3824 '

227 3912 415 3985 temporum,
435 3922 498 3962 aon
517 3900 678 3964 laudabilis
692 3904 830 3985 quidem,
850 3909 952 3967 minus
964 3918 1066 3968 tamen
1077 3902 1319 3987 malevolentiae,

227 4020 322 4088 quam
341 3998 540 4087 simplicitatis
560 4010 591 4061 et
618 4002 754 4062 inscitiam
773 4002 875 4063 index.
918 4002 1065 4064 Nondum
1084 4002 1234 4066 callebant
1252 4026 1320 4069 eam

228 4106 339 4177 art'ean
368 4106 641 4165 commentatorum
669 4098 945 4165 animadversiones
974 4100 1014 4166 ab
1034 4113 1196 4168 aucarum
1220 4105 1321 4169 serbis
