3125 4917
242 325 298 418 88
451 352 722 420 cousruuuur
750 353 1116 420 rouruuuoouuru

240 504 453 591 χοειμενείσις,Ι
473 500 566 569 ἀπτει
580 502 696 590 κιρροάς
723 498 872 570 ἀπέναντι
902 507 960 568 ταῶ
979 504 1208 589 θυσιαστηρίου
1229 497 1329 586 ἀπερ-

241 609 299 668 θεν
325 605 389 667 τῶν
411 605 582 685 βασιλικῶν
611 603 719 666 πολῶν
744 604 801 666 καί
814 595 941 684 εὔχεται
960 603 1069 666 ἐκεῖσε·
1110 597 1279 684 εάξάμενος
1295 601 1331 665 di

240 702 276 764 έν
293 703 337 786 sigi
358 693 420 765 dtas
437 703 501 764 τῶν
521 702 792 783 κατηχονμενειων
812 701 965 788 εάκτηρίιρ
987 701 1042 783 τῆς
1065 697 1237 784 ἀπεραγίας
1250 701 1331 764 Θεο-

147 853 151 862 .
241 798 356 880 τόκον,
386 793 476 879 ἀψας
494 801 530 863 δέ·
548 792 672 862 κάκεῖσε
693 795 810 882 κηρούς
829 801 885 862 καί
903 795 1069 878 εάξάμενος
1085 799 1257 882 ἐξέρχεται,
1276 793 1334 861 καί

106 905 156 958 Ma.
166 905 210 958 Sa.
221 897 368 961 siccarat
385 899 421 961 έν
437 899 481 984 τῶ
496 899 743 984 παρσκνμπτικρῖ
762 899 820 960 τοῦ
839 899 1070 981 θνσιαστρρίου
1092 897 1126 960 ἐν
1142 885 1169 984 ᾧ
1192 891 1349 960 εἶθισταιὸ

240 994 325 1083 αὐτῷ
338 1000 412 1060 καθ’
430 989 562 1078 έιάστην
575 999 761 1079 προέλευσιν
777 987 931 1060 ἵστασθαι
947 993 1004 1060 καί
1017 997 1152 1060 ἐκτελεῖν
1166 991 1226 1078 τήν
1240 993 1332 1058 θείαν

112 1097 458 1178 Εάῑεῶλλειτσνργιαν,
486 1088 576 1158 ἀπτει
594 1095 629 1157 δέ
649 1087 774 1158 κάκεῖσε
790 1090 915 1178 κηροάς.
949 1095 1018 1179 (Β.)
1047 1094 1098 1181 Τῷ
1112 1093 1147 1157 δέ
1163 1093 1263 1178 καιρῷ
1277 1093 1333 1174 τῆς

245 1194 335 1268 θείας
356 1190 520 1265 κοινωνίας
544 1185 712 1275 ἀνέρχεται
734 1187 874 1276 disperii:
899 1189 978 1271 μετά
1001 1191 1056 1256 καί
1080 1193 1196 1258 λοιπῶν
1212 1188 1332 1274 ἱερέων,

244 1293 433 1374 προσφέρων
452 1288 488 1354 τὸ
502 1290 606 1371 τίμιον
620 1293 738 1373 δῶρον,
760 1289 817 1354 καί
834 1289 1025 1365 εἰσελθόντος
1043 1291 1100 1355 τοῦ
1125 1288 1234 1374 ἱερέως
1250 1285 1332 1370 μετὰ

242 1392 300 1453 τοῦ
313 1391 419 1467 τιμίου
440 1385 565 1472 δῶρον,
594 1386 772 1458 resumunt
788 1384 939 1468 βασιλεῦς
957 1389 991 1452 έν
1014 1391 1059 1476 τῷ
1081 1389 1250 1476 εάκτηρίιρ,
1279 1386 1374 1450 natio

242 1485 378 1566 ἐξελθών
398 1487 575 1568 εἰσέρχεται
593 1487 628 1551 έν
642 1489 687 1574 τῶ
697 1487 897 1575 μητατωρίιρ.
925 1485 1166 1570 κοινωνήσαντες
1182 1487 1217 1550 δὲ
1234 1482 1289 1548 καί
1303 1479 1335 1545 oi

240 1588 300 1648 τοῦ
311 1584 529 1665 κσυβαακλείον
548 1581 695 1664 ἀπαντες,
717 1584 907 1668 ἀπέρχονται
923 1581 952 1647 oi
968 1581 1062 1666 ἱερεῖς
1074 1585 1129 1647 καί
1147 1584 1336 1667 προτιθέασι

241 1679 278 1746 τὸ
293 1683 398 1762 τίμιον
414 1685 515 1764 δῶρον
533 1683 568 1745 έν
584 1685 628 1769 τῷ
647 1677 815 1769 ἀντιμισάρ
832 1686 874 1768 τῷ
889 1673 955 1745 ὄντι
973 1675 1120 1746 ἀπέναντι
1142 1684 1200 1744 τοῦ
1215 1685 1335 1744 duosa-

242 1781 373 1864 στηρίσν
394 1774 532 1860 ὕπερθεν
546 1781 609 1842 τῶν
625 1781 799 1858 βασιλικῶν
816 1780 941 1860 πυλῶν,
962 1776 1018 1841 καί
1037 1779 1286 1864 προσκληθέντες
1303 1774 1334 1838 οἱ

241 1883 416 1962 πατρίκιοι,
436 1875 610 1961 στρατηγοί
620 1899 653 1939 τε
668 1879 725 1941 καί
743 1877 763 1958 ἦ
793 1877 964 1961 σύγκλητος
986 1873 1074 1960 παρά
1091 1879 1145 1938 τσῦ
1167 1864 1374 1956 tricatura-15

243 1976 402 2054 στάσεως,
417 1977 609 2051 κοινωνοῦσι,
623 1972 678 2035 καί
695 1970 756 2036 εἶθ’
765 1971 868 2045 οὕτως
881 1976 1086 2056 κατέρχονται
1100 1968 1129 2036 οἱ
1145 1971 1241 2056 ἱερεῖς
1258 1966 1336 2054 πρὸς

243 2069 280 2136 τὸ
294 2073 454 2135 ἐκτελέσαι
470 2067 530 2154 τὴν
545 2071 637 2134 θείαν
657 2071 864 2151 λειτουργίαν.
885 2071 941 2134 καί
958 2071 1013 2154 τῆς
1031 2071 1122 2144 θείας
1137 2069 1336 2153 λειτουργίας

220 2171 463 2252 Βεελεσθεάτης,
499 2168 659 2250 διέρχεται
685 2161 875 2247 ὅβασιλεάς
904 2163 959 2231 θιά
984 2169 1049 2231 τῶν
1072 2169 1335 2250 κατηχονμενάαν,

244 2267 300 2330 καί
318 2263 481 2330 κατελθών
502 2267 537 2332 έν
558 2267 603 2352 τῷ
622 2263 789 2353 τρικλίνιρ,
820 2267 988 2344 καθέζεται
1016 2267 1071 2344 ἐπί
1089 2269 1146 2350 τῆς
1166 2265 1269 2330 αὐτοῦ
1286 2289 1335 2331 τι-

243 2365 321 2445 μίας
339 2366 494 2448 τραπέζης
510 2360 592 2445 μετά
614 2365 670 2427 καί
689 2363 813 2454 φιλῶν,
836 2353 880 2428 ὧν
900 2357 940 2434 ἀν
960 2365 1070 2449 κελεύῃ
1093 2367 1234 2429 καλέσαι.
1254 2383 1372 2450 xpo-aa

243 2464 381 2544 ματίοας
408 2463 443 2527 δὲ
472 2460 528 2526 καί
553 2459 710 2544 ἀναστάς,
741 2461 964 2546 περιβάλλεται
983 2459 1018 2527 cd
1039 2463 1247 2544 τζιτζιάκισν,
1279 2463 1336 2528 καί

246 2561 486 2643 θηριγενόμενσς
505 2555 567 2623 ἀπὸ
593 2563 655 2625 τῶν
675 2560 840 2646 ἀρχόντων
860 2563 919 2624 τοῦ
938 2560 1160 2642 κοοβσνκλείσν
1170 2611 1181 2643 ,
1209 2565 1335 2641 μαχλο-

244 2662 341 2742 βιτῶν
366 2681 399 2723 τε
417 2656 474 2723 καί
491 2661 608 2722 λοιπῶν
629 2661 810 2740 οῖκειακῶν,
845 2663 1004 2745 διέρχεται
1023 2655 1076 2724 ritui
1096 2659 1159 2723 τῶν
1179 2678 1336 2740 κατηχσν-

244 2755 372 2841 μενάαν·
417 2755 435 2821 ί
457 2759 493 2822 δέ
512 2757 681 2844 ἡγούμενος
701 2761 805 2850 θυμιᾷ
832 2757 1010 2850 ἔμπροσθεν
1028 2759 1087 2828 τοῦ
1107 2757 1262 2846 βασιλέως
1277 2756 1336 2838 μέ·

315 2909 342 2960 6.
361 2907 410 2959 καλ
426 2908 515 2963 τελεῖν
531 2909 574 2961 cd.

247 3052 373 3121 precatus
392 3053 483 3098 autem
504 3047 533 3096 ia
553 3049 672 3101 oratorio
697 3049 883 3101 sanctissimae
901 3049 1035 3118 Doiparae
1060 3051 1092 3100 in
1112 3045 1330 3109 catechumenis,

249 3133 341 3168 cereos
368 3114 494 3167 accendit
516 3125 545 3168 et
567 3116 608 3169 ibi
626 3135 737 3190 quoque
765 3126 910 3189 precatur,
933 3127 1028 3187 postes
1050 3133 1191 3186 egressus,
1217 3117 1246 3168 in
1265 3117 1334 3168 cmi·

249 3186 369 3236 acutiori
392 3195 470 3251 parte
498 3189 624 3250 sacrarii,
652 3187 700 3240 ubi
727 3190 756 3240 in
774 3189 889 3258 singuiis
915 3187 1136 3258 processionibus
1165 3197 1236 3240 stare
1260 3185 1335 3236 diri·

249 3268 371 3321 aumque
389 3253 509 3304 officium
527 3256 665 3308 celebrare
684 3260 768 3322 solet,
794 3257 920 3311 subsistit
938 3266 966 3311 et
987 3257 1026 3310 ibi
1046 3273 1156 3327 quoque
1175 3273 1268 3309 cereos
1286 3270 1334 3304 ae·-

250 3319 351 3374 ccndit
387 3320 444 3390 (11.)
462 3323 596 3390 Tempore
613 3335 703 3378 autem
720 3327 808 3380 sacrae
832 3329 1030 3380 communionis
1049 3327 1172 3379 sacerdos
1190 3342 1250 3377 cum
1270 3323 1336 3374 reii-

250 3393 313 3462 quis
332 3389 438 3442 clericis
454 3391 576 3454 accedit,
601 3393 724 3445 divinum
741 3414 838 3449 munus
858 3399 989 3458 afferens,
1008 3414 1063 3466 quo
1084 3399 1185 3457 aliato,
1213 3394 1335 3460 Impert-

249 3469 293 3514 tor
310 3461 529 3513 communionem
546 3463 576 3513 iu
594 3465 713 3516 oratorio
732 3467 845 3534 accipit,
865 3475 893 3516 et
911 3482 1030 3535 egressus
1047 3465 1220 3518 mutatorium
1240 3464 1334 3522 intrat,

247 3533 396 3602 Postquam
413 3547 477 3582 vero
497 3529 623 3582 omnibus
642 3533 816 3586 cubiculariis
845 3551 918 3589 sacrs
948 3537 1102 3588 communio
1123 3533 1261 3601 impertita
1278 3541 1333 3596 est,

249 3601 403 3653 sacerdotes
426 3599 548 3662 abeunt,
577 3603 758 3654 venerandum
789 3605 890 3658 donum
918 3605 947 3657 iu
967 3605 1147 3662 antimeusio‚
1174 3599 1248 3670 quod
1270 3610 1333 3654 ante

249 3673 394 3722 sacrarium
421 3687 501 3738 supra
520 3671 708 3738 imperatorias
734 3676 828 3726 isauas
850 3683 908 3739 est,
936 3682 1092 3744 reponunt,
1124 3678 1153 3722 et
1175 3673 1294 3723 arcessiti
1317 3688 1335 3723 a

250 3742 440 3792 cerimoniario
460 3739 589 3808 patricii,
612 3744 723 3808 strategi
750 3751 779 3795 et
796 3753 922 3809 senatus,
941 3745 1161 3801 communicant,
1182 3739 1333 3793 sacerdotes

250 3809 286 3862 ad
304 3808 481 3878 peragendam
500 3809 619 3861 divinam
635 3811 772 3880 liturgiam
791 3815 904 3871 abeunt.
940 3815 1003 3882 Quo
1027 3812 1097 3863 sacto
1119 3811 1268 3878 imperator
1283 3825 1334 3879 per

248 3876 441 3930 catechumena
458 3878 626 3947 digreditur,
651 3889 679 3930 et
697 3892 835 3952 postquam
854 3903 882 3937 se
900 3885 933 3934 ad
953 3881 1102 3934 triclinium
1121 3881 1254 3943 contulit,
1272 3895 1334 3930 cum

249 3949 363 4006 amicis,
384 3964 451 4016 quos
468 3951 556 4000 vocari
576 3951 701 4011 iusserit,
718 3955 887 4008 vener-audac
907 3968 1016 4004 munuae
1034 3967 1098 4002 sune
1115 3949 1229 4002 adsidet.
1266 3949 1302 4000 Ut
1316 3964 1334 4000 a

250 4018 373 4070 convivio
393 4021 523 4079 surrexit,
549 4021 702 4071 tzitzaeium
719 4021 830 4086 induit,
850 4033 878 4077 ct
898 4041 912 4073 a
932 4020 1058 4072 cubiculo
1076 4020 1236 4089 praesentit,
1254 4033 1334 4069 ¹¹¹⁸ss-

248 4088 355 4140 clavitis
375 4103 407 4137 ac
424 4088 540 4156 reliquis
561 4091 694 4142 ministris
713 4095 846 4160 stipatur,
864 4109 914 4162 per
932 4090 1125 4143 catechumena
1150 4087 1264 4147 transit,
1282 4087 1334 4141 he·

249 4174 365 4226 gumcuo
384 4163 447 4206 ante
466 4159 660 4226 Imperatorem
680 4161 715 4212 ad
735 4173 841 4231 portora
861 4177 947 4230 usque
966 4158 1218 4212 catechumenorum
1238 4157 1335 4209 ineen-

250 4233 334 4285 ναοῖο.
369 4227 513 4296 Egressum
530 4227 596 4282 iude
614 4231 809 4301 Imperatorem
830 4232 939 4306 patricii
958 4237 988 4284 et
1011 4229 1122 4300 strategi
1141 4230 1171 4283 in
1189 4243 1221 4280 ea
1237 4234 1314 4297 porta
1324 4265 1334 4292 ,
