3125 4917
245 315 273 375 ll
660 310 902 375 PltrlliFrlTlO.

245 476 274 521 et
291 446 515 519 luculentissimis
536 466 617 520 liuius
640 472 746 539 generis
766 467 1028 539 aeqrriparanrlrsm,“
1045 468 1237 537 pronuntiarit.
1273 468 1336 521 tto-

244 574 288 625 ius
307 570 493 623 eorumeutarii
511 579 618 638 partem
636 573 833 640 posteriorem,
860 587 931 641 quae
949 570 1135 639 Appendieem
1155 568 1221 623 libri
1238 572 1335 641 primi,

244 676 448 745 acciendumque
467 674 603 742 integrum
629 675 822 744 persequitur,
843 680 906 742 port
936 689 1038 724 aunum
1055 673 1173 737 -txiv,
1198 673 1336 727 eschedis

244 775 367 839 lieislsii,
395 778 426 828 in
444 774 584 828 volumine
603 775 684 827 lrrrirrs
702 778 787 845 partis
807 775 927 830 somnio
948 782 1070 845 ereptam
1088 774 1223 829 oblivioni
1242 778 1272 829 in
1288 775 1334 826 lu-

243 896 302 932 cem
320 876 470 950 proferam
490 876 576 949 idque
594 878 662 931 milri
682 881 858 949 potissimum
877 878 1040 947 contigisse,
1064 888 1177 950 propter
1193 888 1336 951 paternam

243 980 408 1043 amicitiani,
433 979 623 1051 pietatemque
645 998 700 1053 qua
728 982 794 1039 iude
821 1000 837 1034 a
861 983 983 1051 pueritia
1002 985 1163 1036 memoriam
1182 983 1234 1036 riri
1260 982 1337 1034 urrici

243 1092 335 1139 saneto
352 1082 442 1135 colere
463 1091 588 1136 assuetos
606 1102 676 1149 sum,
694 1084 874 1153 vehementer
891 1086 985 1139 laetor.
1023 1084 1126 1139 Fateor
1148 1101 1214 1138 sane
1241 1085 1336 1137 multis

242 1189 309 1241 loeis
328 1187 439 1239 nonnisi
457 1188 586 1241 inchoata
604 1203 663 1240 esse
673 1225 683 1251 ,
702 1190 787 1243 limae
805 1196 925 1254 servata,
952 1205 1035 1263 qnam
1054 1190 1174 1259 scriptor
1191 1186 1336 1239 adhibuis-

242 1298 300 1354 set,
318 1290 372 1342 nisi
392 1290 549 1360 bibliopola
569 1306 633 1344 eum
652 1290 837 1347 destituisset:
864 1308 958 1347 verum
977 1292 1009 1344 id
1026 1292 1112 1345 nitori
1132 1291 1226 1363 potius
1253 1306 1336 1361 quoru

243 1394 335 1464 pretio
355 1396 446 1463 operis
465 1393 554 1448 obest

313 1496 444 1550 Codicenr
460 1497 564 1567 ipsum,
591 1506 623 1553 ut
640 1499 739 1571 inspici
757 1508 851 1570 posset
867 1500 918 1552 ubi
936 1499 1113 1571 oporteret,
1132 1496 1227 1567 Lipsia
1246 1502 1334 1547 trans-

242 1602 357 1661 missum
379 1616 447 1665 esse,
465 1601 662 1667 erumnose-s.
676 1604 720 1670 cl.,
738 1604 923 1669 humanitati,
940 1604 1149 1674 litterarumque
1167 1600 1268 1663 amori,
1293 1606 1337 1660 el,

242 1704 297 1757 nisi
315 1720 360 1756 me
378 1706 536 1758 coniectura
557 1704 672 1777 decipit,
690 1710 830 1762 amicitiae
845 1708 1057 1779 patrocinioque
1067 1706 1218 1760 llermanni
1237 1702 1335 1757 debeo.

310 1806 436 1871 ludices,
462 1807 498 1858 ad
527 1824 622 1861 eorum
646 1812 733 1865 instar
760 1813 809 1883 qui
835 1808 968 1882 Agathino
991 1810 1113 1865 subiecti
1137 1816 1221 1871 suut,
1239 1808 1335 1859 eoussri

240 1910 353 1977 vellem,
369 1926 465 1962 rcruru
482 1910 615 1965 hactenus
633 1914 728 1967 inveni
752 1915 861 1967 nullum
885 1914 930 1965 eui
948 1914 1021 1965 vires
1039 1912 1152 1966 adrem
1170 1912 1242 1963 bene
1269 1924 1334 1960 exc*

241 2012 379 2085 qnondam
388 2029 449 2067 curu
459 2015 518 2068 otio
530 2014 691 2069 coniunctae
699 2024 890 2087 suppetereutr
909 2016 985 2078 nori,
995 2014 1045 2086 qui
1061 2014 1166 2083 optimc
1180 2011 1336 2071 conticeret,

241 2113 290 2165 scd
310 2131 373 2167 curn
391 2134 407 2167 a
430 2118 618 2183 nobilioribus
646 2118 746 2171 studiis
772 2135 886 2174 avocare
904 2119 979 2173 nolo.
1017 2115 1103 2189 Quod
1127 2116 1151 2167 si
1172 2132 1234 2187 sper
1252 2111 1288 2166 dc
1305 2127 1334 2163 re

240 2232 324 2287 qnam
342 2216 420 2268 cordi
440 2216 531 2270 lrabco
549 2234 660 2288 prorsus
677 2222 837 2274 abiicienda
855 2230 913 2284 est,
932 2236 980 2272 eos
999 2228 1074 2273 certe
1092 2216 1164 2280 dabo
1182 2234 1251 2288 qnos
1271 2214 1336 2266 llei-

239 2317 318 2372 sltius
336 2317 456 2373 editioni
477 2337 542 2374 suae
560 2320 757 2376 destinaverat:
781 2340 854 2396 quae
871 2338 937 2378 vero
956 2320 1006 2373 illc
1024 2336 1060 2372 ex
1078 2320 1197 2391 Georqio
1220 2315 1335 2369 itamar-

238 2423 312 2485 tolo,
339 2429 425 2495 atquc
451 2425 580 2489 aliunde,
610 2425 646 2480 ad
672 2426 877 2498 exaequandam
895 2426 1070 2497 potissimum
1092 2422 1170 2475 tertii
1187 2420 1336 2473 voluminis
1418 2434 1422 2441 ’

238 2525 349 2589 molem,
367 2525 534 2599 subiungere
553 2531 582 2580 iu
601 2531 694 2582 auimo
712 2528 845 2595 habebat,
862 2532 1002 2595 omittere,
1015 2537 1048 2582 ut
1064 2527 1185 2589 inutilia,
1200 2522 1316 2575 decrevi.

308 2630 371 2682 Seio
394 2646 463 2701 ego,
481 2631 567 2685 libros
587 2632 832 2687 Constantinianus
850 2632 885 2686 do
904 2633 1076 2695 cerimoniis,
1101 2646 1171 2701 quos
1190 2627 1334 2697 inscriptio

238 2735 297 2803 ipsa
320 2734 393 2787 circa
410 2751 495 2806 nugas
511 2738 611 2788 versari
630 2734 742 2807 prodit,
763 2755 779 2788 a
797 2736 924 2805 plurimis
943 2734 1082 2788 contemni
1098 2732 1183 2802 plane
1201 2746 1233 2782 ne
1258 2729 1333 2781 deri-

236 2837 313 2892 deri:
332 2853 423 2910 nequc
442 2837 547 2907 negabo
566 2840 698 2893 iuniorem
717 2841 817 2911 prioris
836 2838 902 2893 libri
920 2845 1026 2909 partem
1044 2837 1083 2887 ita
1101 2851 1161 2887 esse
1188 2851 1332 2903 eompara-

237 2950 295 2995 taru
312 2949 344 2994 ut
363 2942 484 3011 ingenuo
503 2941 611 2996 lromiui
630 2960 761 2997 nauscam
777 2950 892 2996 mercat
930 2939 985 2993 Sed
998 2939 1040 2991 vel
1059 2940 1091 2990 in
1107 2936 1151 2988 his
1171 2934 1331 3007 quisquiliis

239 3044 335 3097 insunt
358 3043 539 3097 nibilominus
563 3064 605 3097 res
629 3044 665 3097 nd
688 3043 823 3099 historiae
851 3045 1038 3117 cognitionem
1063 3039 1178 3095 minime
1202 3036 1333 3087 inutiles:

239 3153 299 3197 term
322 3162 387 3200 vero
421 3145 470 3197 illa
499 3149 662 3217 pracsertim
685 3149 715 3201 in
740 3148 922 3221 sequentibus
947 3162 1019 3218 quac
1043 3163 1077 3199 ex
1099 3144 1179 3197 Petro
1197 3141 1335 3206 Patricio,

239 3249 341 3317 partim
367 3250 465 3302 omisso
484 3250 543 3299 eius
561 3252 688 3313 nornine,
713 3249 811 3301 hausta
829 3259 910 3312 sunt,
928 3266 986 3302 non
1004 3250 1094 3302 solum
1112 3247 1263 3300 utilitatem
1280 3243 1332 3296 ha-

239 3350 308 3403 bent
325 3351 471 3413 eximiam,
497 3348 546 3402 sed
570 3350 732 3422 elegantiam
756 3365 881 3422 quoque;
905 3367 997 3425 neque
1021 3352 1080 3405 turc
1097 3351 1146 3404 stit
1164 3348 1248 3401 lruius
1268 3364 1329 3401 cor·
1388 3378 1392 3397 .

237 3453 313 3523 poris
335 3451 409 3506 libro
432 3454 602 3523 praestantia
631 3452 743 3513 cedunt.
778 3454 925 3510 Deliteseit
950 3454 981 3507 in
1007 3455 1060 3520 iis,
1080 3460 1112 3508 ut
1129 3471 1187 3507 rens
1204 3451 1331 3519 exemplo

237 3562 457 3620 commonstrem,
475 3556 574 3609 Leonis
593 3557 708 3629 rlrrgusti
727 3558 858 3625 edictum,
876 3556 953 3632 quod
968 3574 1019 3629 per
1038 3574 1124 3611 aanor
1138 3556 1221 3628 paulo
1239 3552 1332 3605 minus

239 3657 335 3713 LXXX
358 3660 426 3713 inde
449 3659 607 3733 protrahere
634 3663 817 3733 neglexerunt
842 3666 893 3735 qul
918 3662 1062 3734 augendae
1086 3655 1244 3717 collectioni
1267 3656 1334 3710 reli·

239 3762 365 3832 quiarum
383 3764 452 3817 iuris
470 3766 730 3821 Ante-iustinianei
744 3783 858 3839 operam
870 3768 1014 3823 dederunt.

307 3902 363 3956 Ser.
382 3901 495 3957 Bonnae
514 3918 537 3953 a.
557 3906 583 3959 d.
603 3910 634 3961 V.
653 3908 692 3963 ld
711 3908 791 3963 Mart.
808 3909 1032 3966 Mbcccxtttx.
