3125 4917
252 350 349 411 ΧῊΙΙ
420 384 425 393 ·
629 342 684 405 10.
714 342 794 405 ῙΑΕ.
823 341 970 407 austu

241 506 389 584 *ignatium
413 500 476 561 rius
502 506 679 557 nemeaea
703 499 736 556 in
760 496 886 556 historia
909 494 1087 577 Byzantina,
1108 518 1144 557 es
1168 495 1258 559 titula
1279 498 1341 561 Er-

248 611 422 682 emptorum
443 598 763 659 Constantinianorum
784 594 823 655 du
847 592 1072 678 legationibus,
1094 598 1179 657 cuius
1201 602 1339 679 superius

249 702 432 761 mentionem
461 696 645 758 iniiciebsm.
694 694 823 757 Exstant
847 696 880 754 in
913 714 951 755 ee
976 694 1067 755 tituie
1096 696 1246 778 quaedam
1275 700 1340 760 eiras

246 800 438 881 fragmenta,
467 794 587 856 nulium
609 804 710 855 tamen
738 792 850 854 iuliani
879 804 977 855 aetate
1010 796 1171 876 manus.
1229 795 1273 857 At
1305 799 1338 857 in

245 910 351 961 uestro
371 896 475 959 codice
496 916 565 978 esp.
595 892 790 959 Lxxxvrl.
805 893 873 956 Lib.
895 894 919 956 1.
944 914 1014 976 pag.
1043 912 1107 977 ²²9
1128 914 1190 957 nen
1216 906 1337 957 tentum

244 995 417 1075 Theudae,
447 993 569 1055 Gethiei
591 995 623 1054 in
642 992 791 1074 Hispania
812 994 916 1075 regis,
936 992 977 1055 ad
1000 992 1202 1056 lastinianum
1225 994 1336 1078 legatie

243 1095 328 1157 velut
352 1098 383 1157 in
413 1096 541 1157 transitu
566 1104 776 1169 momomtur,
797 1090 852 1153 sed
873 1090 986 1154 ibidem
1003 1114 1127 1177 queque
1145 1116 1182 1155 ex
1201 1093 1336 1178 professo

241 1194 445 1257 memorabilis
466 1193 623 1256 Anthemii
645 1192 685 1253 ad
706 1192 842 1253 Leonem
863 1212 1007 1275 magnum
1032 1191 1143 1277 legatio
1162 1197 1336 1277 exponitur,

240 1315 301 1377 qua
322 1296 492 1375 imperator
507 1292 671 1353 oecidmtis
684 1290 835 1352 laurentes
855 1311 927 1353 suas
947 1292 1198 1378 imagineslmqne
1218 1293 1336 1357 litteras
1461 1286 1465 1291 ’

240 1390 379 1454 orientali
401 1391 549 1452 mittebat.
591 1391 627 1451 ln
642 1392 820 1451 anniversum
841 1411 877 1451 ea
894 1393 997 1451 emnia
1013 1436 1023 1469 ,
1042 1413 1123 1474 quae
1143 1413 1162 1454 a
1186 1415 1255 1478 pag.
1273 1396 1334 1457 225

239 1512 305 1573 esp.
325 1489 502 1551 Lxxxtv.
520 1508 617 1571 usque
631 1487 670 1548 ad
686 1510 754 1572 pag.
775 1488 833 1551 251
853 1509 922 1572 eap.
938 1490 1052 1554 xcvl.
1070 1490 1232 1575 leguntur,
1259 1496 1333 1558 item

237 1600 329 1672 capnt
354 1587 424 1651 libri
453 1588 478 1651 1.
499 1586 665 1667 ultimum,
702 1600 732 1649 et
766 1588 846 1650 sorte
874 1611 998 1673 quoque
1026 1588 1086 1651 alia
1116 1591 1226 1673 ptura,
1256 1604 1332 1676 puto

237 1690 320 1751 Petn‘
352 1686 490 1770 Magistri
515 1708 600 1765 esse,
621 1709 657 1749 ex
679 1708 740 1766 ee,
758 1708 851 1771 quem
872 1688 956 1770 diri,
977 1688 1137 1771 dependito
1159 1691 1239 1753 libre
1258 1691 1334 1771 aspi

235 1781 455 1861 καταπόσεως
473 1788 627 1870 decerpta.
670 1788 829 1850 Promittit
847 1810 906 1850 vor
928 1781 1126 1859 κατάστασις
1149 1791 1331 1852 constitutio

235 1911 297 1952 non
322 1901 443 1951 tantum
462 1898 623 1971 praecepta
655 1888 809 1970 sapienter
830 1886 1089 1949 administrandae
1117 1887 1327 1975 reipublicae,

233 1989 398 2051 sedetiam
423 1991 557 2067 rituum,
586 1986 698 2070 quibus
721 1985 825 2047 civilia
845 1990 968 2069 negotia
994 1999 1204 2071 peraguntur,
1236 2010 1328 2070 erpo-

232 2090 395 2150 sitionem:
427 2086 563 2168 adeoque
593 2087 725 2168 pertinet
753 2086 793 2145 ad
820 2094 937 2147 veteres
960 2084 1056 2146 libres
1080 2085 1243 2165 Tastiees,
1273 2109 1327 2149 seu

231 2184 455 2263 cerimoniaies,
482 2185 521 2245 de
545 2185 657 2267 quibus
681 2186 713 2245 in
734 2185 960 2246 commentariis
982 2204 1116 2268 agernus.
1169 2186 1327 2249 Promittit

230 2286 313 2347 idom
339 2306 461 2369 quoqne
481 2283 637 2367 dignitas,
662 2304 756 2367 quam
781 2284 894 2346 Petrus
921 2284 1039 2367 gessit,
1064 2288 1201 2367 magistri
1223 2307 1325 2347 saero-

231 2407 301 2447 rum
325 2383 514 2462 officiarum,
536 2384 575 2444 ad
602 2384 689 2446 euius
708 2381 843 2447 ossieiam
870 2393 963 2465 aupre
980 2382 1207 2465 dispositionem
1233 2388 1325 2447 etium

231 2485 459 2546 eerirneniarius
485 2482 667 2566 pertinebat.
711 2483 818 2544 Enitet
850 2484 953 2564 itaque
978 2483 1011 2542 in
1036 2482 1094 2543 hec
1112 2486 1216 2566 prime
1233 2484 1325 2547 imitas

229 2587 330 2665 epia-is
355 2583 510 2643 volumine
535 2583 649 2663 grands·
670 2580 729 2641 lure
755 2580 839 2642 Petri
867 2581 1005 2664 Magistri
1031 2580 1247 2665 fragmentum,
1268 2606 1322 2659 ve-

229 2681 276 2753 lut
297 2682 458 2764 germania.
502 2678 546 2741 At
570 2684 601 2740 in
624 2678 777 2756 remando,
798 2679 881 2762 qued
901 2680 1022 2742 savmte
1043 2682 1111 2743 Deo
1131 2694 1322 2767 ‹prantnnyus

228 2784 408 2863 expediam,
445 2784 524 2841 intar
546 2777 605 2841 elia
634 2778 790 2861 praeclara
819 2779 944 2841 enitebit
975 2779 1111 2863 prelixus
1132 2793 1163 2843 et
1194 2786 1321 2866 insignis

228 2881 307 2943 liber
335 2880 463 2941 alieuius
492 2877 663 2957 Philotlrei,
691 2878 935 2961 Pretospatharii
963 2890 996 2940 at
1022 2879 1199 2943 Artociinae
1219 2885 1318 2965 regii,

227 2997 288 3061 qun
314 3000 375 3040 uon
401 2990 520 3040 tautum
546 2976 720 3039 divinarum
742 2978 902 3061 epularum
920 2977 1060 3040 ordinem
1090 2978 1180 3062 piene
1208 2982 1317 3041 distin-

226 3090 345 3161 cteque,
367 3089 402 3137 nt
418 3077 460 3138 nii
480 3098 586 3159 supra,
608 3080 812 3161 persequitur,
833 3077 886 3139 sed
908 3081 1013 3156 etiam,
1034 3080 1118 3160 qnod
1138 3092 1317 3161 argumenta

225 3176 270 3239 illi
295 3178 457 3253 uolitaret,
479 3177 661 3257 dignitatum
687 3189 750 3239 tam
770 3176 986 3261 palatinarum,
1007 3198 1101 3261 quarn
1123 3178 1314 3253 militarium,

120 3280 256 3339 Edi-Vet
277 3277 465 3338 arianarum
492 3297 633 3359 quamue,
656 3298 674 3337 a
697 3282 823 3339 suminis
843 3278 883 3339 ad
904 3280 1004 3355 ianas,
1026 3280 1148 3338 nomina
1172 3288 1202 3336 et
1227 3301 1315 3360 prae-

226 3375 342 3437 sideudi
364 3378 451 3453 iura,
476 3380 547 3436 item
571 3396 650 3457 quae
677 3376 738 3437 siut
757 3380 924 3455 axiomata,
952 3398 1006 3437 seu
1032 3375 1215 3457 dignitatus,
1236 3400 1316 3460 qnare

224 3473 346 3555 officia,
367 3476 478 3556 ‹prilms
499 3496 568 3535 cum
589 3475 729 3551 insultent,
756 3476 805 3539 vel
827 3476 1017 3561 insignibus,
1037 3474 1242 3553 conserantur,
1259 3498 1315 3536 ritu

225 3595 285 3639 neu
301 3594 364 3657 ipre
370 3595 508 3656 claraeque·
522 3574 629 3635 ordine
639 3585 669 3636 et
678 3576 790 3656 quihus
804 3576 913 3636 diebus
929 3575 969 3634 ad
981 3594 1097 3634 sacram
1112 3595 1247 3636 mursam
1266 3577 1315 3634 ad·

225 3684 368 3750 vocetur,
390 3674 518 3733 assideat
542 3685 572 3733 et
599 3674 682 3734 iitiae
704 3658 809 3733 misus
830 3673 1006 3755 emittatur,
1023 3685 1168 3735 reuenset.
1213 3673 1314 3735 liniret

223 3782 380 3853 praetcrea
402 3782 564 3852 utrumque
586 3771 727 3833 volumen
751 3770 811 3834 alia
836 3783 1055 3853 monumenta,
1075 3794 1094 3833 e
1115 3771 1229 3855 quibus
1244 3772 1311 3833 Du·

222 3890 326 3931 canon
343 3868 490 3929 Familiae
507 3870 693 3953 Byzantinue
710 3874 835 3956 augeri,
863 3872 1142 3955 Conuantinopeiis
1163 3870 1310 3932 Christis.

220 3990 261 4029 na
295 3970 435 4052 corrigi,
473 3970 707 4051 Bymntinonrm
740 3973 935 4055 quorundam
955 3973 1172 4035 historicorum
1207 3970 1306 4032 liiatus

221 4066 354 4150 expleri,
391 4080 421 4130 rt
454 4067 664 4153 chronologica
694 4072 843 4155 queniam
874 4082 1028 4133 momenta
1060 4082 1142 4131 rene
1166 4073 1305 4131 constitui

222 4180 359 4252 possunt.
410 4170 480 4249 Quo
503 4172 654 4255 pertinent
686 4175 873 4235 narrationes
900 4172 938 4233 de
963 4169 1177 4253 'inceptaret
1203 4169 1304 4233 Basilii
