3125 4917
232 379 357 441 XLVIII
456 374 511 437 10.
540 374 662 437 liENIi.
691 371 842 437 LEICIIII
872 374 1167 447 committo

232 540 405 607 tentarunt,
428 528 520 589 Anno
546 524 608 609 944
631 530 729 589 missis
755 550 877 611 quoque
904 534 936 592 in
958 532 1134 597 Petrinacas
1148 539 1310 600 concitors⁴

234 615 290 675 bus
307 610 377 673 belli
397 612 429 686 ¹).
471 612 541 687 Quo
557 614 669 671 nuncio
691 616 870 691 perterritus
888 613 1066 695 Imperator,
1087 618 1236 681 tributum
1251 619 1310 681 ho*

236 700 274 757 sti
289 694 420 777 pendere
442 695 559 773 cogitur
575 694 608 769 Ἰ).
649 692 692 753 At
713 714 793 753 anno
817 698 954 775 proximo
982 698 1086 758 foedus
1108 722 1179 763 cum
1201 704 1309 784 Igore,

236 779 322 838 cuius
340 776 485 835 sententia
507 777 538 833 in
561 772 642 845 hunc
671 776 797 835 modum
823 777 899 853 fuit,
919 781 1098 859 paciscitur:
1130 774 1327 845 commercia

231 871 313 921 terra
340 859 476 937 marique
499 854 595 916 libera
621 860 742 939 utrique
763 857 877 939 populo
899 881 963 921 esse
986 860 1114 938 debere3
1142 866 1312 940 Chersone-

232 962 299 1003 sum
315 940 477 999 Tauricam
498 936 579 998 nolle
608 960 639 999 se
662 942 753 999 armis
775 942 938 1020 invadere,
959 964 1015 1003 nec
1041 943 1184 1026 Balgaros
1206 960 1315 1010 contra

233 1022 345 1083 incolas
366 1025 504 1097 excitare,
525 1024 556 1080 in
579 1041 613 1081 re
636 1020 763 1103 trepida,
786 1023 963 1103 Imperatori
982 1024 1093 1085 auxilia
1116 1031 1148 1087 'se
1168 1032 1313 1091 missuros

233 1100 310 1181 esse,
331 1104 418 1163 Russi
442 1103 689 1185 spoponderunt,
720 1102 759 1163 de
783 1108 888 1186 capitis
909 1109 999 1165 etiam
1028 1107 1196 1187 damnatis,
1216 1112 1315 1193 deque

233 1186 396 1267 transfugis
422 1196 452 1245 et
474 1185 641 1245 latronibus
666 1196 820 1248 statutum.
879 1188 994 1265 Turci,
1025 1210 1096 1248 cnm
1125 1194 1234 1253 iterum
1265 1214 1314 1254 res

234 1272 364 1330 Graecas
391 1268 589 1343 lacerassent,
620 1289 638 1326 a
661 1268 848 1347 Theophane
867 1273 1020 1349 persuasi,
1041 1271 1119 1332 datis
1141 1274 1315 1352 obsidibus,

233 1352 369 1412 inducias
391 1352 423 1409 in
441 1351 575 1431 quinque
597 1370 692 1409 annos
707 1352 787 1430 pacti
806 1362 894 1411 sunt:
919 1351 1113 1434 longinquam
1134 1360 1214 1416 enlm
1235 1356 1317 1417 mitt-

233 1437 309 1495 tiam
333 1435 443 1493 Graeci·
467 1431 706 1513 aspernabantur
730 1432 764 1510 ³).

316 1517 389 1579 vu.
428 1516 664 1595 Mesopotamiae
691 1514 916 1595 componendae
942 1515 1148 1599 Theophilus,
1194 1518 1318 1583 loannis

235 1599 393 1673 zimiscae,
417 1600 468 1678 qui
489 1608 594 1681 postea
609 1597 776 1677 imperator
798 1596 943 1657 salutatus
958 1608 1016 1675 est,
1041 1620 1136 1678 avus,
1159 1599 1316 1683 deligitur,

236 1692 273 1741 ut
293 1682 478 1756 Saracenos,
507 1677 567 1740 late
585 1698 621 1739 ea
643 1676 710 1739 loca
731 1678 922 1754 habitantes,
943 1682 977 1739 in
1006 1679 1153 1763 obsequio
1181 1686 1318 1743 contine-

236 1773 285 1823 ret
304 1764 341 1837 ⁴).
386 1762 485 1843 Caput
506 1763 658 1842 regionis,
690 1760 825 1837 Edessa,
845 1760 1030 1821 nobilissima
1051 1764 1143 1840 urbs,
1164 1774 1194 1823 et
1216 1768 1319 1824 mnni-

238 1848 347 1905 mentis
365 1844 474 1903 obiecti
498 1845 607 1921 amnis,
630 1845 786 1925 murisque
806 1844 938 1919 firmata,
961 1843 1015 1904 diu
1035 1844 1223 1906 obsidionem
1241 1845 1319 1906 tole·

238 1930 339 2003 rtvit,
372 1944 435 2007 qua
455 1927 578 1985 tandem
600 1923 699 1986 soluta
720 1934 776 2001 est,
798 1927 959 1987 servatoris
980 1928 1123 2008 imagine,
1146 1926 1239 1988 liuteo
1260 1930 1320 1988 im-

239 2028 352 2090 pressa.
395 2008 482 2069 Hanc
510 2007 669 2089 Abgarum
691 2008 825 2087 Regem,
853 2008 960 2069 morbo
979 2007 1093 2069 difficili
1111 2030 1146 2069 ac
1175 2010 1321 2070 diuturno

239 2090 482 2167 decumbentem,
503 2110 573 2149 cum
594 2109 625 2148 se
650 2091 800 2170 praesenti
813 2090 980 2149 Servatoris
995 2089 1118 2170 auxilio,
1132 2112 1188 2172 per
1207 2091 1323 2153 litteras

240 2172 489 2248 commendasset,
511 2173 671 2253 accepisse,
695 2170 796 2230 ferunt
818 2183 848 2231 et
867 2171 1024 2252 desperata
1046 2175 1107 2233 iam
1132 2174 1247 2251 salute,
1268 2195 1322 2234 su·

240 2256 305 2316 Into
323 2251 522 2328 convaluisse,
544 2274 612 2312 mox
634 2254 796 2312 attonitum
812 2256 856 2313 rei
882 2252 1041 2329 miraculo,
1062 2255 1102 2315 ad
1120 2255 1324 2317 Christianam

242 2335 458 2419 professionem
479 2355 545 2395 esse
557 2332 721 2395 adductum
742 2336 778 2413 ὅ).
821 2333 897 2411 Alii,
920 2348 955 2397 ut
975 2334 1096 2396 difficile
1107 2347 1164 2414 est,
1182 2348 1246 2398 tam
1267 2360 1323 2399 an-

241 2422 358 2502 tiquam
384 2437 449 2477 rem
468 2416 617 2477 subtiliter
637 2434 672 2475 ex
712 2417 756 2490 ui,
777 2416 982 2496 servatorem,
1010 2420 1044 2479 in
1064 2417 1177 2479 oliveto
1198 2423 1320 2490 tristitia

242 2504 390 2562 immensa
408 2498 598 2578 consectum,
621 2494 689 2555 Tha
711 2496 787 2555 daeo
802 2498 970 2576 sudarium,
993 2521 1054 2580 quo
1075 2500 1182 2561 faeiem
1205 2502 1323 2562 abster-

245 2594 337 2660 serat,
358 2582 397 2643 ad
419 2580 577 2663 Abgarum
607 2579 773 2661 principem
795 2578 1005 2660 perferendum
1024 2580 1185 2641 tradidisse
1213 2602 1324 2643 memo·

244 2676 330 2743 rant,
354 2664 435 2723 edito
450 2662 586 2741 oraculo,
605 2661 733 2737 urbem,
763 2681 841 2741 quae
857 2681 975 2720 sacrum
1001 2663 1111 2743 pignus
1130 2664 1189 2722 rite
1217 2685 1322 2725 sem.

244 2758 304 2823 ret,
329 2756 473 2828 perpetuo
496 2746 640 2805 invictam
660 2742 724 2801 sore
744 2740 777 2819 ⁶).
800 2742 894 2819 Haec,
918 2746 996 2803 mira
1015 2764 1209 2825 quanquam,
1230 2745 1322 2806 iidem

244 2850 281 2891 es
303 2848 340 2889 eo
360 2835 526 2902 traxerunt,
545 2824 629 2907 quod
650 2823 778 2884 Cosroes
797 2822 903 2901 Persa,
924 2845 994 2884 cum
1014 2827 1047 2885 in
1064 2824 1220 2886 obsidione
1237 2828 1323 2889 urbis

243 2912 400 2985 haereret,
422 2910 646 2969 eiuscontactu
669 2904 849 2983 (dedicatum
870 2909 952 2966 enim
973 2918 1038 2969 crat
1068 2909 1101 2967 in
1124 2910 1235 2968 veteris
1257 2920 1320 2969 sta·

244 3006 316 3055 tuae
335 2990 538 3065 fundamento)
566 2988 742 3071 gravissimo
770 2987 877 3048 morbo
900 2987 1043 3048 liberatus
1064 2991 1121 3063 sit,
1143 2998 1175 3046 et
1203 2986 1320 3049 lustrali

245 3096 326 3159 aqua
344 3094 377 3135 se
393 3084 424 3135 et
442 3070 589 3135 &militam
611 3088 732 3130 omnem
746 3067 828 3128 ablui
843 3070 963 3126 iusserit
983 3069 1017 3146 7).
1058 3065 1139 3127 Hinc
1159 3070 1320 3152 isnaginem

281 3295 309 3367 s)
321 3292 458 3347 Theodos.
468 3290 606 3343 KtovIens.
621 3287 747 3359 meli-3
765 3288 849 3343 silent
859 3286 932 3341 enirn
944 3285 1016 3344 banc
1031 3306 1129 3344 nomm
1141 3290 1324 3363 irruptionem

312 3364 452 3431 ItyssntIni
468 3360 618 3445 scriptores.
689 3358 717 3429 a)
735 3358 810 3410 Idem
827 3375 870 3412 an.
887 3359 948 3429 94⁵·
1019 3361 1052 3501 'l
1069 3359 1179 3414 contin
1197 3361 1324 3432 Thespis.

313 3434 426 3504 pass,
445 3438 538 3484 ceteri.
573 3427 710 3482 theodos.
732 3428 810 3483 Κίον.
831 3445 874 3481 an.
892 3429 954 3498 943.
1069 3430 1180 3485 consto.
1198 3430 1324 3501 Theoph-

311 3520 340 3575 p.
358 3505 418 3555 ses.
437 3503 495 3569 27⁸·
530 3498 586 3550 Leo
612 3498 758 3551 Grammst.
788 3515 815 3568 p.
833 3500 893 3552 508.
963 3497 990 3568 5)
1033 3503 1090 3568 ίςη
1114 3500 1221 3552 scilicet
1246 3502 1325 3571 lepra

313 3574 430 3641 graviter
468 3568 612 3622 laborabat
645 3567 787 3637 Abgarus,
820 3568 885 3621 inde
919 3567 1058 3631 Uclronro,
1095 3568 1189 3636 niger,
1223 3587 1326 3641 cogno·

311 3642 447 3703 minatus,
473 3646 505 3690 ut
529 3640 645 3705 Itsyerus
673 3638 702 3689 in
724 3638 794 3693 Ittsc
820 3636 956 3691 Edessena
978 3654 1004 3707 p.
1024 3638 1079 3705 sel.
1098 3638 1263 3707 arbitratur,
1290 3637 1327 3692 de

314 3727 414 3782 genere
443 3709 517 3761 enim
546 3706 635 3759 morbi
661 3722 717 3759 non
743 3708 873 3761 convenit
898 3710 972 3759 later
995 3707 1146 3775 scriptores.
1182 3707 1265 3761 Itotst
1290 3708 1326 3762 de

313 3782 417 3832 mutuis
436 3778 535 3848 Abgssi
554 3785 583 3829 et
600 3774 704 3827 Christi
728 3777 852 3847 epistolis
872 3777 1018 3846 scripsere,
1042 3778 1189 3845 praecipue
1208 3778 1327 3831 Grsbins

315 3849 410 3916 SpiciI.
430 3848 474 3899 PP.
492 3846 549 3899 nt
569 3846 630 3898 init.
699 3846 728 3914 6)
748 3847 918 3899 Constantia.
937 3843 972 3897 de
989 3843 1095 3898 ctrtssi
1109 3846 1226 3917 imagine
1243 3846 1347 3901 new·

316 3920 692 4055 titt·iitt¹';‘tt‘²·‘
710 3916 890 4056 litii?
899 3913 1329 4054 lt·1i⁰t·t:²„tl‘¹t0itt

315 4064 460 4129 propterea
484 4058 631 4107 exercitam
651 4052 714 4105 urbi
734 4004 886 4126 senoina
901 4051 1016 4115 scribit,
1041 4062 1087 4117 at,
1105 4023 1187 4125 ’quae
1205 4053 1240 4107 de
1258 4058 1327 4108 inss-

316 4129 379 4197 gine
395 4114 483 4195 'vngo
506 4124 700 4187 tradebantur,
721 4124 860 4179 mendacii
882 4131 1015 4194 argueret
1051 4123 1135 4178 Panlo
1158 4124 1239 4179 aliter
1256 4124 1330 4180 Con·

318 4197 429 4252 stantia
448 4211 526 4266 pos.
545 4200 643 4247 narrat.
