3125 4917
182 398 252 458 XIV
534 396 590 459 10.
623 394 703 460 mc,
735 397 883 461 RElSKll

183 548 392 611 Professorcm
414 547 635 627 clarissimum,
666 552 717 629 (pri
740 571 806 610 earn
834 553 973 631 aprima
994 552 1278 618 adolescentiaste·

184 659 330 729 quentare
358 660 574 726 consueverat,
609 646 647 707 ad
675 648 827 709 edendum
857 672 933 731 opus
960 651 1106 716 haetenus
1131 656 1280 717 ineditum

185 750 337 808 excitaret.
371 747 435 806 lam
449 759 536 807 arrtca
552 747 583 807 id
598 746 679 807 idem
694 746 816 808 molitus
835 750 934 812 fuerat
955 753 1001 812 lo.
1019 753 1147 818 llexnrc.
1161 757 1279 835 Marus,

184 850 217 908 in
241 845 406 907 Academia
432 848 578 907 Giessana
607 846 763 928 quondam
784 849 920 910 Graecae
934 861 966 911 et
986 852 1192 915 Orientalium
1218 855 1279 915 lin·

185 968 313 1029 guarum
343 945 514 1006 Professor.
566 946 594 1005 Τ
596 958 711 1007 cstatur
738 950 770 1007 in
800 946 980 1029 Catalogo,
1010 974 1102 1034 quem
1128 957 1279 1034 confecit,

186 1046 333 1108 codicum
360 1047 650 1127 manuscriptorum
678 1044 890 1110 bibliothecae
922 1049 1226 1132 Uffenlaelrianae,
1248 1076 1282 1116 se

186 1143 257 1205 libri
275 1144 365 1205 liuius
385 1144 510 1205 latinam
528 1148 807 1227 interpretationem
821 1147 997 1229 confecisse,
1025 1163 1200 1235 certamque
1215 1154 1281 1215 edi·

185 1247 276 1304 tionis
298 1266 383 1326 spem
407 1245 488 1305 facit.
532 1242 577 1305 At
594 1268 629 1305 ea
644 1244 767 1327 quidem
788 1266 859 1307 cum
880 1250 975 1329 ipsius
996 1250 1083 1312 obitu
1103 1252 1280 1333 decollavit,

185 1364 295 1425 neque,
311 1364 373 1426 qno
388 1344 544 1405 devenerit
561 1348 625 1405 eius
645 1348 866 1427 interpretatio,
878 1358 1005 1409 constat.
1025 1348 1186 1431 Specimen
1203 1353 1281 1432 eius,

185 1444 267 1503 unde
288 1447 439 1505 aestimari
461 1457 573 1527 queat,
596 1445 728 1505 habetur
748 1447 780 1507 in
802 1446 894 1508 modo
914 1445 1038 1507 laudato
1059 1447 1219 1531 catalogo,
1250 1461 1281 1512 et

182 1546 264 1627 apud
288 1545 475 1605 Fxnarerun.
519 1546 632 1605 Omine
653 1548 746 1627 igitur
772 1544 929 1629 aliquanto
949 1549 1148 1629 auspicatiore
1169 1548 1280 1609 editio·

183 1666 253 1705 nem
273 1648 373 1727 operis
393 1644 639 1706 desideratissimi
660 1648 793 1728 suscepit
812 1646 887 1708 clar.
909 1647 1076 1727 Lercnrus,
1096 1650 1146 1709 vir
1165 1648 1282 1709 Graece

183 1744 352 1828 Latineque
377 1744 589 1825 doctissimus,
622 1756 652 1805 et
679 1748 712 1805 in
741 1748 826 1806 omni
854 1757 958 1807 vetere
984 1768 1125 1830 novaque
1153 1747 1281 1809 historia

182 1848 416 1925 versatissimus,
435 1857 465 1906 et
480 1848 611 1929 primam
626 1845 750 1928 quidem
769 1848 834 1909 eius
849 1868 934 1929 spem
954 1848 1082 1909 faciebat
1101 1868 1182 1908 anno
1201 1845 1279 1930 1743

182 1946 214 2004 in
236 1944 339 2005 libello
360 1946 400 2005 cle
418 1945 586 2027 Diptyclris
607 1959 750 2006 veterum
766 1966 844 2029 pag.
873 1968 910 2007 ro
934 1967 1002 2029 sqq.
1028 1948 1083 2007 ubi
1109 1958 1209 2008 totum
1228 1966 1280 2007 ca·

181 2054 239 2125 put
259 2042 526 2125 quadragesimum
553 2041 677 2103 secundi
699 2042 769 2103 libri
797 2055 928 2124 utroque
948 2064 1088 2105 sermone
1118 2043 1281 2126 vulgavit3

183 2144 282 2223 ipsam
303 2162 378 2203 vero
399 2140 564 2201 editionem
593 2140 771 2203 ordiebatur
790 2142 914 2202 biennio
934 2154 1015 2223 post.
1069 2142 1122 2203 Ab
1152 2163 1189 2203 eo
1209 2140 1282 2203 inde

71 2250 322 2323 Ettbtltemporc
350 2242 497 2321 processit
522 2242 681 2321 impressio
710 2242 804 2301 variis
841 2244 1007 2324 intercepta
1035 2240 1281 2325 impedimentis,

184 2340 280 2400 donec
309 2336 434 2399 tandem
463 2341 629 2419 superioris
664 2343 736 2399 anni
769 2344 894 2401 ineunte
932 2351 1044 2402 aestate
1074 2341 1283 2403 doctissimum

183 2438 345 2516 editorem,
371 2439 434 2497 vita
450 2436 587 2519 longiore
606 2434 831 2517 dignissimum,
853 2451 884 2497 et
898 2443 1018 2520 egregia
1041 2442 1281 2520 promittentem,

183 2541 262 2600 acuti
285 2540 384 2599 morbi
411 2539 458 2597 vis
481 2540 513 2596 in
544 2538 650 2596 aetatis
682 2534 757 2597 flore
790 2536 923 2598 tolleret.
977 2538 1187 2598 Pervenerant
1214 2550 1283 2598 tum

182 2640 329 2719 temporis
348 2633 532 2718 typographi
554 2655 652 2716 usqne
678 2636 718 2694 ad
746 2638 889 2717 paginam
915 2635 1008 2696 huius
1037 2635 1179 2696 editionis
1207 2636 1281 2697 216.

182 2736 336 2800 Desolata
358 2736 500 2816 deinceps
522 2756 556 2795 cx
578 2755 759 2817 magnorum
784 2738 922 2795 virorum
944 2736 982 2794 de
1003 2740 1078 2794 meis
1098 2735 1283 2815 profectibus

183 2839 315 2919 benigno
337 2834 449 2895 iudicio
471 2833 612 2893 editionis
636 2832 839 2893 absolvendae
858 2854 932 2893 cura
954 2831 994 2892 ad
1014 2853 1064 2892 me
1083 2832 1153 2892 fuit.
1196 2833 1284 2910 Quae

183 2938 277 3018 igitur
301 2956 348 3011 ea,
370 2955 430 3015 qua
445 2932 518 3010 dixi,
542 2934 652 3014 pagina
666 2936 834 3014 posteriora
852 2942 936 3008 sunt,
954 2952 1062 2991 excusa
1082 2931 1206 2990 fuerunt
1226 2932 1284 2991 sub

184 3038 259 3096 meis
270 3035 378 3113 oeulis,
402 3044 432 3093 et
454 3032 639 3093 excudentur
659 3054 764 3113 porro,
782 3032 902 3090 favente
911 3030 992 3107 Deo,
1014 3050 1093 3111 quac
1113 3040 1285 3110 supersunt

267 3134 296 3215 S.
319 3156 350 3192 9..
393 3132 444 3192 De
473 3144 659 3209 argurrrento
688 3132 776 3193 libri.
827 3131 859 3189 Si
889 3134 958 3211 qais
992 3128 1052 3196 hoe
1081 3128 1222 3204 saeculo,
1254 3138 1286 3187 ct

185 3255 281 3317 paene
310 3232 438 3291 dixerim
468 3252 626 3311 unquam,
657 3233 688 3289 in
718 3230 818 3289 lucem
847 3230 946 3290 editas
971 3229 1029 3290 fuit
1059 3226 1285 3310 cognoscendae

185 3334 343 3414 Augustae
356 3330 511 3390 Romanae
527 3330 770 3411 Byzantiuaeqne
783 3328 928 3389 historiae
942 3328 1025 3391 utilis
1044 3325 1134 3408 liber,
1149 3337 1195 3387 cst
1212 3346 1285 3387 sane

186 3432 249 3493 hie.
293 3430 401 3511 Neque
422 3430 574 3489 immerito
596 3431 627 3487 in
649 3431 713 3488 eius
735 3427 920 3489 desiderium
947 3436 1123 3488 exarserunt
1151 3425 1284 3502 cruditi,

188 3554 223 3591 ex
247 3553 308 3614 quo
330 3540 544 3611 argumentum
565 3539 595 3587 et
615 3530 746 3609 pretinm
769 3528 950 3589 intellexere.
991 3526 1034 3587 Et
1054 3546 1147 3602 sane,
1170 3527 1285 3607 siquis

190 3652 291 3691 seeum
314 3640 448 3711 reputet,
468 3626 550 3687 laune
572 3626 685 3685 librum
715 3626 754 3685 de
784 3629 954 3687 cerimoniis
986 3624 1073 3686 aulae
1102 3625 1286 3707 Byzantinae

190 3752 363 3811 exponere,
384 3726 557 3807 recolatque
577 3728 699 3803 animo,
730 3738 805 3808 quot
827 3738 857 3787 ct
888 3747 980 3807 quam
1002 3724 1123 3787 diversa
1147 3728 1181 3785 in
1208 3721 1286 3783 aulis

190 3849 379 3889 sunnnorum
404 3828 577 3909 principum
598 3846 655 3884 usu
680 3828 830 3906 veniant,
852 3836 883 3885 ct
902 3824 933 3883 id
956 3846 1079 3907 quoque
1097 3821 1221 3884 tandem
1236 3824 1284 3884 in-

192 3928 323 4005 telligat,
347 3926 446 3989 tudam
469 3928 687 4008 Byzantinam,
710 3926 809 4007 qualis
834 3926 1287 4009 certePorplryrogcnuctorum

192 4042 329 4109 tempore
351 4038 428 4105 erat,
450 4026 592 4085 umbram
614 4027 724 4086 veteris
747 4026 903 4108 Atrgixstac
924 4026 1079 4086 Romanae
1101 4025 1216 4084 fnisse:
1240 4021 1286 4081 fa·
1377 4042 1384 4057 ·

193 4127 251 4187 eile
271 4124 322 4185 illc
343 4123 506 4185 affirmanti
520 4124 636 4203 eredat,
655 4146 754 4207 neque
769 4148 888 4185 sacrum
904 4147 980 4202 esse,
996 4145 1095 4207 neque
1109 4124 1285 4205 profanum,

193 4226 337 4289 historiae
365 4226 475 4287 veteris
502 4236 732 4306 argxmrentnm,
763 4226 846 4306 qnod
867 4224 917 4284 bic
943 4225 1022 4285 liber
1042 4246 1104 4284 non
1134 4223 1285 4302 attingat,
