3125 4917
592 376 895 446 ammineum
1186 386 1288 446 XXIX

198 536 386 617 inponere,
408 530 457 595 cui
483 532 760 611 subincetcblanis,
780 532 831 594 vel
852 533 968 593 arnica-
1011 531 1047 593 ln
1062 533 1162 614 capite
1180 501 1291 615 gerunt

199 634 339 711 insulam,
363 634 593 697 camelaucium
613 631 737 693 dictam.
760 632 931 693 Eunuchus
949 633 1085 714 proxime
1105 630 1293 715 ablmpera-

194 736 272 793 toris
292 734 398 795 dextra
414 745 517 808 mans,
538 731 679 792 manibus
696 729 843 791 ambabus
874 732 989 812 pectori
1026 729 1208 791 decussatim
1233 733 1293 792 im·

200 836 320 912 positis,
341 853 434 917 wem
449 854 568 895 morem
582 831 650 907 atila
671 833 803 891 'surcica
820 841 855 890 nt
877 829 991 891 multos
1008 828 1111 890 aliose
1128 830 1295 912 Byzantina
1414 889 1417 894 ,

196 934 342 1009 retinuit,
363 944 399 993 ut
417 934 583 1017 Byzantina
606 952 641 992 cx
661 940 799 991 veterum
826 927 1013 1006 Persarum,
1044 938 1090 991 est
1109 927 1295 990 Proteum

196 1044 229 1092 et
249 1032 536 1096 Protovcstiarius.
579 1030 707 1091 indutus
729 1040 774 1089 est
792 1032 983 1104 vestimento,
1003 1026 1087 1111 quod
1103 1038 1208 1089 nostro
1223 1030 1295 1089 λευ-

196 1128 357 1203 κολέοντες
372 1130 511 1193 candidi
527 1130 633 1191 leones
656 1126 844 1211 appellatur.
866 1128 988 1189 Fuisset
1007 1127 1121 1209 absque
1138 1126 1197 1188 bac
1219 1126 1297 1187 ima·

194 1232 283 1311 gine,
304 1251 461 1312 nunquam
476 1232 634 1312 perspicue
642 1226 871 1303 intellexissem,
892 1225 984 1308 quale
1001 1228 1094 1289 vestis
1108 1247 1202 1308 genus
1215 1244 1296 1286 can·

193 1326 271 1389 didi
288 1328 395 1392 leones
416 1313 538 1392 liaerint.
581 1328 702 1391 Scilicet
718 1330 749 1386 in
768 1347 804 1386 ca
821 1330 886 1385 cius
905 1337 1012 1406 parte,
1034 1346 1113 1408 quae
1138 1346 1156 1386 a
1174 1324 1296 1408 cingulo

193 1427 268 1489 inde
289 1449 387 1512 usque
405 1428 444 1490 ad
462 1429 555 1511 pedes
574 1426 725 1503 decurrit,
750 1426 854 1484 intexti
872 1434 959 1483 erant
976 1423 1078 1484 leones
1097 1426 1129 1483 in
1150 1445 1220 1485 acra
1241 1445 1295 1485 ro-

191 1527 291 1589 tunda
314 1527 399 1588 alba.
441 1528 490 1587 Dc
507 1525 709 1609 appellatione
731 1523 856 1585 lionoris
885 1522 1063 1584 Prohcclrus
1085 1523 1215 1585 observo
1237 1524 1290 1586 hic

192 1627 229 1685 in
241 1628 383 1702 uansitu,
400 1634 538 1709 tempore
558 1626 585 1684 N
588 1625 725 1707 iccphori
742 1624 921 1684 botoniatae
941 1632 971 1681 et
988 1622 1207 1704 posterioribus
1225 1644 1295 1685 eam

194 1723 339 1786 erunibus
352 1727 475 1786 maioris
483 1724 599 1785 ordinis
611 1722 789 1807 proceribus
802 1741 994 1782 communem
1005 1720 1108 1781 fuisse.
1136 1721 1291 1803 Tempore

194 1821 386 1885 Constantini
405 1824 500 1885 nostri
516 1843 577 1884 non
588 1834 665 1885 erat.
689 1814 691 1817 ¹
707 1822 838 1903 insignis
853 1821 982 1880 mutatio
1000 1817 1120 1880 tantillo
1138 1831 1287 1902 tempore.

278 1920 452 2001 Praeterea,
473 1943 569 2005 quum
590 1932 621 1983 et
639 1919 681 1989 cl.
700 1921 820 1981 Lnrcnn
839 1918 1010 1985 dissertatio
1028 1920 1067 1979 de
1088 1922 1153 1979 vita
1177 1931 1209 1981 et
1239 1942 1290 1981 rc-

193 2018 254 2081 bus
277 2023 368 2103 gestis
394 2022 584 2083 Constantini
610 2032 824 2081 ornamentum
850 2017 976 2100 aliquod
1009 2039 1080 2079 acre
1115 2039 1291 2100 expressum

192 2117 354 2202 flagitaret,
374 2122 499 2204 praefixi
523 2120 568 2181 illi
586 2120 699 2203 elligics
717 2118 834 2202 aliquot
852 2138 1016 2179 numerum
1040 2118 1287 2201 egazophylacio

192 2217 384 2301 Amplissimi
400 2220 528 2282 Senatus
546 2219 711 2302 Lipsiensis
730 2217 974 2301 depromtorum‚
1001 2217 1041 2278 ad
1070 2220 1166 2279 nestri
1192 2238 1287 2299 genus

190 2320 422 2398 pertinentium.
465 2319 588 2380 Primus
609 2339 719 2381 aureus
735 2318 855 2380 exbibet
872 2317 1038 2396 Basiliam,
1059 2317 1164 2378 Nostri
1180 2338 1286 2397 avum,

193 2426 226 2477 ct
247 2418 313 2477 eius
336 2416 433 2477 lilium
451 2418 695 2491 Constantinum.
746 2416 886 2479 Alterum
908 2437 1034 2478 aureum
1055 2416 1208 2478 tribuebat
1226 2417 1287 2477 Ca·

192 2513 314 2597 taloque
327 2514 443 2577 laudati
462 2516 669 2600 gazophylacii
688 2537 706 2577 a
724 2514 765 2577 cl.
781 2517 967 2594 Wacbtcro‚
989 2515 1133 2577 Glossarii
1152 2515 1287 2577 celeber-

190 2616 273 2677 rimo
292 2626 435 2695 anemae,
456 2617 625 2693 consectus,
647 2617 769 2695 Leonis,
789 2615 891 2677 Basilii
913 2615 988 2677 filio.
1031 2616 1161 2697 Reperio
1182 2627 1286 2677 tamen

190 2732 264 2775 cum
278 2714 362 2797 apud
380 2715 568 2777 Bandurium
601 2719 681 2777 inter
708 2736 818 2777 numos
843 2716 965 2776 loannis
979 2714 1165 2798 Palacologi.
1207 2716 1286 2777 Ter-

189 2813 253 2872 tius
281 2832 392 2873 aeneus
426 2814 560 2874 Leonem
583 2814 713 2875 eundern
737 2815 866 2878 exhibet
914 2816 1050 2894 Quartus
1071 2818 1144 2876 item
1175 2836 1286 2876 acncm

191 2910 427 2977 Constaminum
449 2922 600 2989 nostrum,
623 2934 693 2973 eum
716 2913 778 2973 Ζοὲ
802 2914 898 2994 ipsius
924 2924 1033 2975 matre.
1080 2915 1185 2975 Habet
1201 2914 1285 2975 bunc

186 3029 319 3072 numum
342 3012 395 3073 De
419 2995 554 3075 Caresus
569 3030 691 3093 quoque
720 3032 751 3093 p.
764 3010 823 3073 136
838 3010 1021 3072 familianrm
1034 3013 1283 3096 Byzantsctre·

190 3109 252 3173 tat
270 3110 311 3173 ad
331 3110 564 3175 Constantinum
579 3114 749 3188 iuniorem,
774 3112 906 3172 Romani
930 3110 1040 3188 filium,
1060 3116 1156 3173 nostri
1187 3133 1283 3194 nepo-

190 3220 267 3289 tun,
288 3210 412 3293 eiusque
430 3210 537 3289 filiam,
557 3214 650 3274 Zoiin.
672 3210 733 3272 Sed
752 3212 832 3273 ratio
860 3210 900 3271 ab
931 3214 998 3293 ipso
1013 3210 1185 3274 discedendi
1210 3212 1286 3275 haec

189 3308 268 3371 mibi
284 3308 354 3389 fuit,
375 3309 459 3393 quod
476 3308 581 3372 vultus
597 3310 674 3370 Zetis
689 3309 821 3372 adrdtior
838 3312 941 3393 potins
966 3320 1108 3390 matrem,
1128 3332 1223 3395 quam
1247 3312 1285 3374 fi-

191 3404 279 3485 liurn,
309 3419 341 3471 et
364 3408 469 3472 vultus
494 3409 684 3471 Constantini
708 3407 874 3469 admodum
902 3409 1028 3491 puerilis
1049 3413 1151 3492 potius
1168 3409 1285 3490 filiurn,

190 3525 284 3587 quam
297 3518 428 3590 panem,
448 3508 605 3571 rideretur
633 3527 770 3591 arguere.
823 3507 958 3584 Quintus
976 3529 1088 3569 numus
1107 3529 1212 3569 rursus
1230 3530 1286 3571 au-

190 3624 264 3666 reus
277 3616 323 3667 est
342 3607 507 3691 Nicephori
531 3608 667 3686 Phocea,
690 3609 777 3669 cuius
801 3604 883 3688 apud
909 3604 1056 3668 Nostrum
1078 3607 1117 3668 L.
1143 3607 1213 3670 Le.
1228 3608 1283 3693 96.

193 3705 309 3765 martio
327 3705 370 3769 tit.
408 3706 451 3768 Et
470 3706 521 3769 bic
536 3728 659 3791 quoque
680 3705 764 3790 apud
787 3703 976 3766 Banduriurn
1000 3716 1107 3768 exstat.

277 3801 400 3865 Addam
417 3805 540 3867 tandem
562 3806 679 3890 aliquot
699 3805 779 3884 loca,
806 3805 841 3865 in
863 3804 974 3886 quibus
997 3805 1104 3867 Latine
1124 3804 1298 3866 reddendis,

190 3900 319 3965 humani
339 3902 456 3985 aliquid
474 3926 580 3989 passus
603 3906 660 3969 liii.
703 3904 840 3987 Longior
858 3923 944 3981 usus,
965 3913 1000 3965 nt
1017 3904 1063 3984 fit,
1083 3907 1213 3967 rectiora
1236 3923 1286 3963 me

193 4002 312 4065 docuit.
368 4001 416 4065 Ut
437 4024 470 4087 p.
498 4004 571 4069 236.
597 4006 635 4067 B.
660 4002 747 4090 fine,
771 3996 903 4084 ῥήματα
924 3999 1093 4067 Mesena
1123 4025 1186 4065 non
1214 4012 1286 4062 sunt

192 4102 365 4167 meorum
385 4102 544 4167 bacciam
557 4120 588 4169 ct
608 4102 853 4176 blandimenta,
875 4105 928 4166 sed
944 4105 1049 4167 veroa
1070 4122 1154 4187 quae
1174 4101 1284 4162 animo

195 4222 255 4269 nse
271 4203 509 4285 aecumeoloit,
529 4218 560 4268 et
581 4206 699 4287 agitaq
718 4223 749 4286 p.
764 4200 837 4283 ²⁴¹·
854 4203 889 4272 B.
904 4212 925 4287 4
943 4194 1115 4283 συνάγεται
1134 4210 1180 4263 est
1198 4218 1284 4264 con·
