3125 4917
371 426 648 494 nncenmou.
678 425 1147 499 immurmuro
1207 396 1290 485 553

223 576 335 663 σαχία,
364 583 419 647 καί
446 585 601 665 λαμβάνει
621 581 639 648 δ
660 583 783 668 πρῶτος
813 579 960 665 βασιλεῦς
980 577 1066 666 παραὶ
1085 582 1142 643 sesi
1161 599 1297 663 πραιπο-

221 683 312 743 σίτου
340 679 377 744 τό
408 675 472 746 όπό
496 685 718 767 ταωνοπτέραν
747 680 902 764 ῥιπίδιον,
932 683 1179 777 καίιφιλοκαλεϊ
1207 677 1298 761 πέριξ

221 780 278 862 τῆς
296 777 389 863 ιῖγίας
407 784 578 866 τραπέζης,
598 784 652 847 καί
669 782 851 864 ἐξέρχονται
870 781 927 845 τοῦ
946 779 1101 863 βηματος,
1129 774 1184 841 καί
1201 776 1299 861 ἀπέρ-

221 898 333 958 χονται
352 876 415 942 α’πό
437 883 540 958 δεξιᾶς
558 879 603 956 εἶς
621 878 678 964 την
699 878 883 958 ἐπίσκεψιν,
917 879 972 942 καί
998 873 1146 941 ἅπτουσιν
1174 873 1299 940 suiectus

200 969 336 1058 5κηροός
370 978 424 1042 καί
455 982 690 1062 προσκυνοῦσιν.
730 975 786 1042 καί
806 970 865 1040 cino·
895 979 957 1040 coir
977 976 1074 1041 ἐκεῖσε
1106 974 1299 1059 ἀπέρχονται

218 1070 279 1149 ἔξω
299 1077 359 1139 τοῦ
376 1081 618 1160 μητατισρικίου,
639 1078 673 1140 έν
693 1067 718 1164 ᾧ
737 1077 757 1162 ἢ
777 1073 869 1141 εἰκών
887 1070 1107 1159 τῆςΘιοτόκον
1129 1069 1216 1138 καῖό
1237 1066 1322 1157 tio-(i

218 1175 334 1257 χυροός
353 1174 481 1258 ἵδρυται
501 1172 656 1259 σταυρὸς,
692 1175 747 1240 καί
766 1171 922 1240 ἅπτουσιν
942 1167 1064 1238 κάκεῖσε
1084 1170 1211 1257 κηροός,
1243 1169 1299 1235 καὶ
1372 1184 1374 1187 ’

218 1272 414 1357 εἰσέρχονται
433 1273 478 1346 εἰς
496 1270 532 1335 τό
553 1274 766 1357 μητατιόριον,
788 1276 856 1352 καί,
878 1274 908 1336 εἰ
926 1269 1103 1350 κελεύουσι,
1129 1269 1297 1347 σκεπάζον-

218 1391 283 1432 ται.
325 1370 447 1450 ἰστέον,
478 1364 528 1435 ότι
547 1375 581 1436 ἐν
600 1363 626 1459 ᾧ
647 1370 730 1459 τόπηι
751 1374 890 1436 ἵστανται
910 1367 940 1433 οἵ
964 1374 1105 1451 βασιλεῖς
1124 1364 1297 1449 ἐπευχόμε-

182 1478 288 1547 ῐουοι,
316 1469 459 1533 ἵστανται
487 1467 517 1534 οἵ
536 1472 593 1553 τῆς
612 1474 709 1554 μέσης
733 1465 908 1553 ἑταιρείας,
940 1466 996 1531 nat
1015 1466 1109 1532 αότοῖ
1125 1466 1296 1548 ἐπευχόμε-

217 1586 278 1628 νοι.
318 1562 373 1628 καί
397 1564 530 1644 ἔξιόντες
558 1568 735 1653 διέρχονται
764 1564 818 1633 διό
846 1570 903 1633 τοῦ
929 1565 1099 1652 νάρθηκος,
1128 1564 1184 1631 καὶ
1202 1563 1296 1630 πόλιν

218 1664 366 1743 δέχονται
383 1665 511 1747 τούτους
531 1670 565 1731 οἵ
578 1693 613 1731 τε
630 1666 799 1748 μα’χιστροι
818 1664 873 1727 καί
892 1666 1049 1747 πατρίκιοι
1069 1664 1123 1727 κατ’
1144 1660 1296 1748 όφφικιό-

217 1764 300 1839 λιοι,
328 1757 384 1823 καί
411 1756 536 1827 όνίασιν
562 1762 593 1826 οἵ
614 1761 761 1827 δεσπόται
793 1759 846 1825 διό
871 1764 927 1825 τοῦ
948 1764 1076 1843 κοχλιοῦ
1114 1760 1169 1825 καί
1197 1760 1296 1844 ιῖπέρ-

215 1880 337 1940 χονται.
382 1859 412 1923 οἱ
436 1862 471 1923 δὲ
491 1864 651 1941 βασιλικοί
679 1862 948 1945 προαπερχόμευοι
974 1860 1118 1924 ἵστανται
1138 1860 1224 1945 διξιρῖ
1242 1858 1297 1923 καί

180 1955 368 2043 ιδόριστερᾷ
397 1953 457 2036 έξω
477 1962 542 2023 τῶν
570 1956 757 2043 εἰσαγόντων
785 1962 994 2044 παραπτέριον
1013 1959 1057 2033 εἰς
1076 1954 1115 2021 τό
1142 1950 1326 2029 όποδοτό.1)

217 2058 355 2117 καὶτῶν
384 2060 543 2122 δεσποτῶν
571 2062 802 2143 διερχομένιον,
832 2053 1019 2138 ε’πεόχονται
1046 2058 1101 2121 καί
1127 2054 1224 2120 αότοί.
1266 2051 1297 2119 οἵ

215 2153 252 2216 δέ·
274 2149 424 2218 δεσπόται
444 2156 676 2241 δηριχευόμενοι
703 2155 768 2220 'duri
789 2158 903 2221 τετοῦ
923 2155 1140 2236 κουβουκλείοα
1162 2151 1217 2217 καί
1233 2155 1296 2218 τόν

213 2257 413 2335 μαχλαβιταῖν
433 2257 488 2316 καί
511 2259 568 2339 τῆς
595 2255 733 2340 μεγάλης
763 2252 936 2338 ἑταιρείας,
965 2257 1157 2338 εἰσέρχονται
1190 2254 1235 2328 εἰς
1253 2248 1294 2317 τοὶ

216 2348 375 2433 ιῖπόγοντα
405 2350 594 2439 παρόστερα
626 2358 671 2429 εἰς
701 2354 740 2420 τὰ
764 2354 915 2418 duodeni.
956 2356 1011 2416 καί
1036 2352 1144 2433 οἱμὲν
1164 2354 1295 2434 τῆςμε-

172 2446 310 2535 τογόλης
337 2446 495 2536 ἑταιρείας
524 2455 668 2519 ἵστανται
697 2452 797 2531 sidric
826 2452 907 2536 μετὰ
935 2452 1045 2536 ὀλίγων
1072 2448 1294 2535 ἐπευχόμενοι,

284 2573 309 2625 8·
326 2570 486 2643 μηιατιίριο
509 2571 583 2636 cod,
601 2581 632 2626 nt
650 2575 765 2644 saepius.

212 2689 321 2741 reninis
340 2687 457 2751 luctum,
485 2695 595 2761 quicum
625 2692 672 2743 ille
702 2708 803 2743 seersm
820 2705 939 2740 mensem
963 2686 1154 2740 circumvenit.
1189 2684 1229 2737 Eo
1247 2684 1290 2738 is-

213 2767 267 2821 cto,
285 2769 385 2810 exeunt
403 2778 418 2812 e
439 2762 562 2821 beurere,
581 2771 608 2812 et
625 2763 726 2811 abeunt
752 2780 768 2809 ιι
782 2760 875 2811 dextra
893 2767 969 2827 perte
990 2757 1026 2808 ml
1050 2755 1201 2825 episeepsin
1242 2774 1290 2809 seu

211 2828 397 2878 visitationem
419 2838 501 2897 atque
518 2831 702 2881 odorationem
721 2846 854 2880 sucrnrum
876 2831 904 2881 B.
922 2828 1040 2896 Virginis
1060 2829 1232 2896 reliquiarum
1262 2834 1292 2879 et

213 2895 254 2945 ibi
273 2914 380 2964 quoqne
398 2898 549 2949 accendunt
566 2916 656 2950 cereos
676 2908 703 2950 et
724 2898 873 2971 [reliquias]
895 2898 1016 2949 odorent.
1053 2897 1291 2967 lllineproeednnt

213 2980 300 3033 nsque
326 2966 362 3017 ad
389 2968 579 3031 metatorium,
609 2970 637 3021 in
668 2986 722 3039 quo
760 2971 848 3039 irnsgo
884 2969 1076 3037 Deigenitricis
1109 2978 1138 3020 et
1164 2974 1290 3036 urgentes

213 3049 277 3086 crux
306 3044 422 3100 exstant,
444 3039 475 3089 in
492 3041 568 3090 euius
587 3037 663 3090 editu
682 3055 803 3110 qnoque,
822 3040 977 3110 priusquam
993 3036 1289 3106 ingredientur,cerees

211 3103 370 3157 secendnnt.
407 3107 521 3175 Ingressi
540 3116 629 3160 autern
648 3109 774 3178 deinceps
801 3112 830 3161 in
856 3109 1043 3171 nrctnturiurn,
1069 3110 1092 3158 si
1111 3107 1220 3177 quidem
1240 3122 1289 3155 en-

210 3176 305 3244 pinnt,
330 3175 488 3228 inlnlsntur.
525 3179 697 3241 Tenendum,
715 3198 747 3231 eo
772 3181 800 3230 in
826 3179 901 3239 loco,
921 3181 951 3230 in
976 3196 1031 3246 quo
1055 3178 1206 3229 subsistunt
1227 3175 1289 3225 Do-

209 3246 277 3296 mini
296 3262 388 3313 prrrces
412 3245 447 3295 ιιδ
467 3249 554 3299 Deum
572 3250 720 3311 iacientes,
736 3250 777 3300 ibi
795 3250 941 3299 subsistere
968 3264 1096 3315 quoqne,
1120 3246 1167 3313 qui
1191 3243 1288 3293 baete-

208 3332 261 3366 nns
273 3330 319 3365 eos
339 3315 461 3364 comitati
481 3315 598 3377 fuerant,
611 3318 716 3368 mediae
736 3318 873 3367 hetaeriae
893 3316 1017 3365 homines
1038 3320 1099 3381 post
1115 3313 1187 3363 bona
1204 3311 1287 3362 verbs

208 3383 334 3435 Dominis
352 3383 433 3433 dictu
469 3384 623 3435 'l'rsnsennt
643 3402 722 3452 porro
741 3386 851 3435 Domini
868 3400 916 3451 per
933 3382 1096 3445 ιιιιιΙιαοιαι,
1116 3399 1184 3453 qnos
1202 3398 1287 3433 senc-

209 3461 302 3505 ssntnr
320 3452 438 3503 secunda
463 3452 522 3505 vice
539 3456 658 3522 magistri
676 3463 705 3506 et
731 3455 842 3522 patricii
867 3462 896 3506 et
917 3452 1061 3519 ollicinles3
1086 3461 1114 3504 et
1136 3452 1288 3505 escendunt

207 3523 321 3575 Domini
341 3538 389 3588 per
406 3520 561 3585 cochleam,
578 3534 607 3575 ct
626 3525 739 3579 ulterius
763 3533 882 3594 pergunt
908 3522 941 3573 ml
967 3523 1084 3593 altodytn
1112 3522 1166 3595 [rel
1184 3524 1286 3575 vestin-

208 3597 280 3646 rium
300 3594 463 3654 cantorium,
483 3593 531 3644 nbi
546 3612 563 3645 n
581 3594 676 3646 loturis
690 3599 776 3645 vestes
794 3592 990 3666 deponunturl.
1018 3596 1124 3647 Interea
1141 3610 1204 3646 vero
1221 3592 1286 3644 clnm

208 3663 276 3716 lusce
295 3662 380 3725 linnt,
398 3660 527 3714 ordinent
543 3681 618 3725 sese,
640 3666 688 3733 qui
706 3664 781 3733 prim
800 3684 815 3717 s
833 3665 958 3715 Dominis
983 3680 1044 3715 eum
1072 3666 1102 3715 in
1124 3664 1204 3714 finem
1222 3662 1285 3713 nbs·

205 3740 357 3794 cesserant,
383 3730 490 3783 basilici
508 3733 542 3797 nd
562 3734 686 3800 dextram
711 3735 902 3805 sinistramque
921 3740 1023 3802 purtem
1046 3735 1117 3785 sorus
1142 3740 1285 3801 paraptera

207 3800 275 3873 [sire
292 3802 348 3854 elas
366 3809 415 3853 ant
430 3802 642 3858 substructiones
659 3803 794 3875 laterales]
814 3804 848 3857 sd
871 3804 987 3873 apodytn
1018 3801 1164 3865 ducentes,
1188 3802 1286 3853 Domi·

206 3875 306 3943 nisque
323 3889 373 3941 per
390 3888 419 3923 se
437 3872 540 3925 medios
560 3873 761 3927 tr'unsenntibns
778 3873 850 3925 bons
876 3878 1029 3944 precantur.
1065 3872 1175 3924 Domini
1193 3878 1285 3924 sutem

207 3943 301 4011 stipati
327 3960 342 3993 a
364 3942 492 3995 cubiculo
511 3952 540 3994 et
562 3945 714 4014 maglabitis
733 3952 761 3996 et
785 3960 879 4012 magne
896 3941 1017 3995 betseris
1035 3942 1139 3995 intrent
1155 3944 1185 3994 in
1204 3958 1285 4011 para·

206 4019 283 4080 ptem
300 4012 335 4063 sd
352 4012 469 4081 apodytn
486 4012 623 4065 ducentes.
658 4013 739 4065 illinc
760 4022 850 4065 sutem
871 4028 989 4082 egressos
1013 4013 1135 4065 comitati
1160 4014 1285 4082 aliquan·

206 4082 293 4133 tulum
303 4120 312 4145 ,
329 4083 481 4135 subsistunt
498 4091 560 4151 post
576 4082 647 4137 bonu
664 4084 746 4135 verba
772 4083 895 4135 Dominis
919 4082 992 4134 dicte
1017 4098 1128 4152 magnae
1145 4081 1285 4134 hetaeriae

206 4148 349 4216 borsines,
374 4154 527 4223 aliquanto·
541 4154 655 4207 ulterius
679 4155 799 4205 comitati
825 4153 975 4205 subsistunt
998 4154 1170 4221 muglubitee,
1198 4160 1227 4201 et
1252 4148 1283 4202 bi

207 4236 316 4289 quoque
335 4223 423 4273 snsrsta
440 4224 564 4276 lternllsis
585 4224 761 4291 cornpreeati,
786 4222 905 4293 denique
929 4222 1089 4275 cubicularii
1114 4222 1283 4281 subsistunt,

206 4304 297 4362 neque
317 4290 348 4345 lsi
372 4292 474 4364 absque
498 4294 552 4365 piis
576 4295 660 4360 votis,
683 4293 757 4349 hund
781 4294 875 4367 procul
899 4311 914 4346 ι
936 4292 1095 4363 monetbyro
1120 4294 1181 4361 [sen
1202 4297 1282 4361 ports
