3125 4917
280 408 365 495 286
487 437 759 503 consuluntur
789 439 1153 506 nonuunoenurn

128 605 178 660 Ms.
193 614 327 673 ιομχοι
346 593 651 676 πρωτοσπαθάριοι,
686 595 858 679 ηοροῦντες
886 593 980 659 τότε
1006 594 1158 681 στιχάρια
1183 593 1288 659 αότῶν
1313 598 1366 658 καί

273 692 423 772 σαβάνια,
444 688 657 773 βαστάζοντες
677 695 734 756 καό
752 691 791 758 τά
814 687 1036 776 σπαθοβάκλια
1059 694 1186 774 αύτιόν,
1207 691 1265 756 καί
1282 695 1365 771 ἔξελ-

270 787 382 866 θύντες
406 793 440 854 ἐν
459 793 504 877 τῷ
525 792 709 876 τριπέτωνι,
744 793 889 856 ΐστανται
919 794 954 856 όν
971 796 1012 879 τῇ
1032 792 1096 882 όόηῖ
1116 794 1173 876 τῆς
1193 789 1363 874 ἔξαγούσης

270 885 371 972 πύλης
393 885 456 950 α’πό
477 889 534 953 τού
556 893 745 973 τριπέτωνος
765 891 799 954 ἐν
819 895 864 978 τῷ
882 895 1066 979 λαυσιακηῖ,
1098 889 1128 954 ei
1149 893 1185 954 δὲ
1205 892 1364 972 πατρίκιοι

270 985 327 1049 καί
346 989 517 1070 στρατηγοί
536 989 678 1052 ἵστανται
698 985 792 1052 ἔνθ-εν
820 989 947 1053 κύκεῖυε
968 991 1003 1053 ἐν
1021 991 1065 1078 regi
1084 989 1247 1075 λαυσιακηῖ
1265 981 1382 1069 με’χριῦ

269 1087 324 1167 τῆς
344 1084 532 1170 εἱσαγούσης
551 1083 650 1170 πύλης
670 1088 704 1150 όν
724 1087 769 1174 τῷ
792 1085 1018 1176 Ἰουστινιανηλ.
1053 1086 1232 1173 ἔμπροσθεν
1252 1084 1289 1150 δὲ
1309 1086 1366 1165 τῆς

270 1180 370 1265 αὐτῆς
397 1179 496 1266 πύλης
523 1187 583 1248 τού
609 1180 834 1251 ’λουστινιανού
866 1185 991 1250 ἵσταται
1011 1183 1028 1249 6
1048 1188 1103 1270 τῆς
1122 1179 1364 1263 καταστάσεως,

124 1291 207 1352 Edi..
219 1295 267 1365 167
278 1281 333 1344 καί
344 1279 502 1346 πεσόντων
521 1285 584 1348 τῶν
604 1284 839 1368 προειρημένων
857 1283 1030 1368 πατρικίων
1048 1307 1081 1346 τε
1101 1281 1158 1346 καί
1175 1284 1366 1367 στρατηγεῖν,

274 1375 358 1441 νεύει
380 1378 399 1440 6
420 1377 627 1461 πραιπόσιτος
648 1385 693 1467 τῷ
712 1384 768 1462 τῆς
788 1378 1008 1456 καταστάσεως
1023 1380 1087 1446 α’πό
1107 1378 1290 1460 κελεύσεως,
1311 1381 1367 1444 καί

271 1476 511 1560 όηριγευόμενος
531 1474 595 1540 όπό
616 1477 680 1542 τῶν
701 1476 864 1562 ἀρχόντων
891 1481 949 1543 τοῦ
968 1482 1210 1558 κουβουκλείυυ,
1247 1492 1399 1561 nurus-10

269 1574 346 1638 κίων
365 1595 400 1638 τε
420 1571 476 1638 καί
488 1577 682 1659 στρατηγῶν,
705 1576 867 1659 ἐξέρχεται
881 1577 916 1640 ἐν
935 1578 979 1663 rigi
999 1571 1208 1663 Ἰουοτινιανῷ
1220 1577 1362 1663 τρικλίνιρ

270 1671 328 1755 τῆς
347 1671 570 1759 προελεύσεως.
592 1675 648 1736 καί
666 1670 805 1737 στάντων
825 1671 975 1738 ἁπάντων
995 1675 1029 1737 ἐν
1051 1675 1097 1762 rigi
1113 1673 1200 1763 ουἰηῑ
1219 1679 1363 1762 τρικλίνῳ

270 1767 361 1834 ἔνθεν
380 1771 505 1834 κάκεῖοε
524 1773 585 1833 τῶν
605 1775 841 1853 προειρημένων
862 1775 1037 1854 πατρικίων
1056 1795 1089 1835 τε
1104 1774 1161 1835 καί
1178 1775 1363 1854 στρατηγῶν

269 1863 350 1947 μετά
371 1862 473 1950 πάσης
492 1866 545 1950 τῆς
566 1865 753 1948 συγκλήτου,
774 1867 897 1930 ἵσταται
920 1863 937 1927 6
957 1865 1107 1946 βασιλεύς
1129 1871 1164 1930 ἐν
1183 1869 1226 1954 τῷ
1245 1866 1361 1954 πριότηι

271 1957 430 2052 όμφαλίιρ.
452 1963 595 2039 ἐλθόντες
615 1964 652 2027 δὲ
672 1959 805 2040 άπαντες
826 1965 855 2027 οὶ
875 1967 1117 2048 προλελεγμένοι
1136 1957 1399 2049 προσκυνοῦσι,ῐὸ

271 2063 327 2129 καί
345 2059 554 2142 α’ναστάντες,
588 2061 673 2126 νεύει
694 2060 712 2124 6
733 2061 942 2146 πραιπόσιτος
971 2066 1016 2150 τῷ
1045 2065 1242 2150 σιλεντιαρίιρ
1265 2066 1310 2150 argi
1329 2060 1363 2128 ὲ-

270 2165 367 2227 στοῖτι
386 2161 421 2226 ἐν
439 2161 483 2247 τῷ
503 2161 667 2247 κατωτίρηι
687 2161 778 2245 μέρει
798 2164 854 2244 τῆς
874 2162 972 2244 αύτῆς
1001 2163 1099 2246 δοχῆς
1126 2159 1189 2239 α’πό
1219 2161 1363 2226 κελεύσε-

272 2283 325 2338 ως,
345 2258 487 2332 κάκεῖνος
507 2258 591 2338 λέγει
611 2257 799 2334 ,κελεύσατε
808 2261 840 2300 ·''
883 2260 980 2320 αύτοί
998 2262 1035 2323 δὲ
1058 2257 1288 2348 ύπεριύχονται
1308 2257 1363 2325 τόν

244 2359 404 2440 Ββασιλόα
423 2356 492 2436 ,εἷς
511 2353 645 2430 πολλούς
665 2355 721 2419 καί
741 2352 883 2439 άγαθούς
900 2348 1065 2439 χρόνους.”
1107 2358 1192 2444 (Δ.)
1215 2357 1288 2423 Καί
1306 2359 1363 2440 ιλη-

271 2451 472 2539 ριγευόμενος
494 2451 512 2517 6
533 2450 683 2536 βασιλεύς
703 2453 758 2516 ύνι’
779 2453 884 2518 αύτῶν
905 2450 1028 2518 πάντων
1048 2451 1117 2537 ἅμα
1134 2457 1399 2542 σπαθαροηαν-Ἇῠ

271 2550 427 2634 διόάτων,
450 2550 631 2639 φορούντων
650 2553 805 2633 μανιάκια
825 2556 881 2618 καί
901 2553 1044 2634 σπαθίο,
1065 2549 1286 2636 βασταζόντων
1306 2555 1363 2617 καί

271 2651 443 2736 σκουτάρια
472 2654 528 2715 καί
558 2647 742 2736 ότστράλια,
774 2653 955 2737 διέρχεται,
985 2651 1040 2714 καί
1057 2650 1235 2733 μελλόντων
1253 2651 1361 2715 αόιῶν

272 2751 460 2834 ε’ξέρχεοθαι
479 2746 539 2834 την
559 2745 730 2831 ἔξάγουσαν
751 2747 814 2813 α’πό
836 2753 893 2814 τοῦ
916 2748 1140 2816 Ἰουοτινιανού
1167 2745 1245 2832 πρός
1264 2745 1299 2810 τό
1322 2746 1361 2830 ἧ-

270 2844 380 2911 λιακόν
396 2844 519 2931 πύλην,
554 2849 676 2924 εύθὲως
701 2849 845 2934 ἑφαπλοϊ
866 2845 901 2914 τό
921 2844 1159 2935 πάρακυπτικόν
1181 2845 1360 2931 ἔμπροσθεν

361 3015 385 3051 a.
404 2993 528 3066 σαβάνιιι
543 2999 745 3066 βαστάζοντες,
764 3003 814 3054 καὶ
832 3001 875 3051 ed.
948 3017 987 3054 ra.
1008 2999 1026 3065 'l
1043 2999 1214 3070 προέλιυσις
1232 2997 1275 3050 ed.

271 3102 384 3156 baculos
406 3103 541 3164 serentes,
557 3100 712 3170 prodeunt,
730 3106 885 3174 egressique
905 3104 934 3155 in
951 3104 1131 3170 tripetoneur,
1151 3118 1235 3171 prope
1254 3106 1360 3168 portam

272 3174 445 3240 otripetone
465 3172 499 3222 ari
526 3171 674 3222 lauriacum
701 3171 864 3234 dueentem,
888 3175 998 3242 patricii
1023 3191 1087 3224 rere
1107 3181 1136 3225 et
1160 3172 1360 3240 provinciarum

274 3242 406 3313 praelecti
434 3239 469 3292 ab
498 3247 615 3310 utruque
635 3242 720 3293 latere
739 3242 768 3293 in
792 3243 911 3294 lausinco
943 3243 1083 3314 usquead
1122 3251 1206 3294 ortam
1227 3241 1256 3289 in
1275 3237 1362 3289 tricli-

273 3313 351 3364 nium
369 3311 514 3364 lustiniani
541 3310 685 3362 ducentem
708 3314 870 3364 consistunt
906 3311 947 3364 td
973 3320 1077 3381 portam
1101 3260 1170 3362 λόεον
1188 3310 1271 3360 etiam
1289 3308 1361 3359 ceri·

273 3382 422 3434 moniarius
441 3380 533 3442 adest,
562 3388 590 3432 et
608 3381 688 3432 dietis
707 3384 830 3451 patrie-iis
848 3389 877 3433 et
892 3383 1017 3450 strategis
1034 3379 1255 3451 procidentibus,
1280 3394 1360 3447 prae·

273 3451 380 3520 positus
410 3451 599 3506 eerirnoniarie
617 3468 632 3501 a
649 3451 776 3504 ruandato
798 3452 905 3520 signum
924 3452 991 3515 slat,
1015 3454 1099 3521 inque
1124 3450 1253 3501 comitatu
1279 3465 1361 3516 prae·

274 3519 406 3572 sectorum
425 3519 564 3582 cubiculi,
583 3522 760 3588 patriciorum
778 3529 806 3572 ct
824 3520 922 3572 dueum
941 3538 975 3572 ex
994 3521 1169 3590 processione
1188 3518 1359 3570 inlustinia·

273 3589 303 3641 ni
321 3590 470 3641 triclinium
498 3591 656 3657 ingreditur.
693 3591 724 3643 in
743 3597 861 3659 utroque
878 3590 960 3642 huius
979 3591 1092 3642 triclinii
1108 3589 1194 3640 latere
1211 3587 1292 3640 dictis
1312 3604 1360 3656 pa·

274 3659 361 3712 triciis
379 3668 408 3712 et
424 3659 568 3726 praelectis
587 3659 712 3711 omnibus
730 3676 791 3710 cum
811 3667 870 3712 toto
887 3669 982 3712 senatu
1002 3657 1185 3728 congregatis,
1210 3659 1360 3726 imperator

274 3735 328 3780 stat
346 3731 375 3780 in
393 3729 481 3797 primo
501 3727 638 3780 umbilico.
674 3727 824 3781 Venientes
844 3737 934 3782 autem
961 3730 1028 3781 dieti
1054 3745 1148 3779 omnes
1177 3727 1307 3789 odorant,
1331 3732 1359 3775 ct

273 3805 418 3868 postquam
436 3813 589 3860 surrexere,
609 3799 714 3865 siguum
732 3800 902 3870 praepositus
920 3797 1072 3851 silentiario
1091 3797 1121 3849 in
1134 3798 1265 3850 inferiore
1283 3801 1359 3860 porte

274 3881 367 3918 eorum
393 3869 474 3920 stanti
494 3867 651 3918 amarrdato
671 3867 734 3926 ilat,
762 3869 841 3937 isque
866 3867 952 3921 dicit:
979 3867 1090 3932 Ιαόιιις
1118 3869 1171 3937 ipsi
1199 3861 1359 3932 tuperatori

274 3936 435 3990 acclamant:
462 3937 500 3990 Ιιι
524 3937 611 3990 multa
639 3935 766 4008 όοποηιιι
789 3949 919 4008 tempora.
956 3937 1039 4009 (lv.)
1059 3937 1108 3988 ttis
1130 3931 1359 3988 omnitusaomi·

274 4005 412 4066 nutibus,
441 4024 495 4058 una
514 4023 573 4058 eum
598 4005 897 4075 spatlsarocandidntis,
919 4013 1031 4077 torques
1049 4015 1079 4059 et
1096 4006 1215 4076 gladios,
1240 4000 1361 4052 sbularla

276 4082 305 4125 et
321 4071 454 4127 dextralia
473 4076 658 4144 gestantibus,
683 4073 756 4140 abit,
782 4083 811 4127 et
828 4077 892 4128 dum
912 4077 965 4145 ipsi
986 4094 1019 4129 ex
1033 4087 1113 4146 porta
1130 4071 1291 4125 Iustinianei
1310 4071 1361 4121 tri·

276 4143 371 4206 etinti,
390 4161 460 4212 quae
479 4146 511 4196 ad
530 4147 658 4198 solarium
677 4145 747 4206 sert,
766 4147 898 4215 egressuri
915 4156 997 4210 urant,
1016 4149 1106 4200 statim
1122 4144 1210 4193 velum
1228 4147 1292 4210 ante
1312 4156 1359 4191 so·

275 4213 344 4265 lium
380 4229 463 4281 super
495 4215 626 4281 pectorali
657 4215 837 4270 cancellorum
872 4215 1054 4270 cubicularius
1079 4208 1241 4282 praecentor
1267 4210 1358 4263 tollit:

277 4282 480 4337 cerimoniarirn
505 4289 614 4347 autem,
641 4283 812 4356 apprehense
829 4293 951 4342 extrema
970 4281 1143 4358 impetuosis
1159 4279 1270 4348 tunica,
1292 4279 1358 4334 rhe-
