3125 4917
280 418 335 481 DE
368 414 464 482 urs
493 415 544 480 ΕΤ
565 413 692 480 REBUS
720 414 858 481 Gffl‘l'lS
885 411 1169 481 cosmum.
1226 419 1305 481 xtv

222 572 606 739 ffiffi²ffi¹l
619 590 729 739 ffiit
744 568 1018 735 tffiffiffi
1028 572 1304 736 ffiiffi’ffi

222 749 387 819 ‘wem
408 700 444 817 lp·
606 676 627 739 P
1029 696 1039 733 s

301 821 343 881 V.
385 820 460 881 Post
481 840 576 882 annos
590 817 753 881 admodum
771 819 954 901 quindecim,
977 837 1070 901 qnam
1089 819 1223 899 primurn
1241 819 1301 879 im-

221 900 1303 1068 ffiiffiffiffiffiiffiffiffimtt

512 1033 522 1063 2

220 1084 273 1127 nes
300 1066 381 1128 bella
444 1078 549 1128 uenus
569 1077 761 1143 exercuerat,
793 1087 846 1126 seu
874 1064 956 1145 quod
990 1063 1121 1125 claustra
1148 1067 1241 1125 mar-is
1267 1086 1304 1127 ac

220 1158 319 1209 terrae
342 1146 404 1210 levi
426 1148 575 1231 praesidio
595 1149 739 1210 adversus
762 1146 963 1209 validissimos
985 1148 1131 1207 exercitus
1153 1158 1235 1228 septa
1257 1168 1303 1208 es-

218 1240 293 1293 sent
336 1230 400 1293 An.
422 1252 494 1315 9²9·
535 1232 618 1291 Turn
643 1232 853 1311 praetorianae
873 1228 1014 1289 cohortes
1033 1248 1117 1288 arma
1139 1228 1239 1291 subito
1258 1250 1304 1290 ca-

215 1324 346 1453 mno,
366 1312 498 1373 infausto
523 1322 652 1387 eventu,
676 1331 746 1372 cum
773 1313 989 1390 acrius‚quam
1003 1312 1197 1387 constantius,
1219 1332 1302 1394 prae

230 1396 236 1407 '
310 1395 431 1459 inirent.
473 1392 576 1455 Classe
597 1394 689 1454 etiam
714 1393 869 1452 vindicare
887 1394 984 1451 maria
1006 1394 1116 1469 vuum,
1137 1413 1225 1473 quae,
1248 1394 1302 1453 du·

217 1494 287 1535 cnm
313 1476 473 1557 imperitia,
494 1487 547 1536 aut
566 1476 700 1555 dispersa
721 1484 775 1549 est,
799 1475 909 1533 autin
933 1474 1035 1553 lugam
1059 1476 1206 1535 coniecta.
1231 1476 1299 1537 Au·

214 1568 323 1618 xerunt
342 1568 490 1618 terrorem
513 1568 655 1638 agrestes,
677 1576 748 1617 cum
770 1557 867 1637 portis
889 1555 975 1614 urbis
995 1555 1179 1631 incidentes,
1201 1556 1300 1637 Pega-

216 1658 285 1698 rurn
307 1650 338 1699 et
360 1638 540 1699 Theodorae
559 1637 692 1719 palatia,
713 1638 917 1715 Stenumque,
949 1633 1051 1695 hostili
1071 1637 1140 1717 igne
1161 1656 1299 1713 accensa,

211 1720 320 1802 procul
344 1720 462 1781 lirmare
482 1722 668 1778 nuntiarent.
689 1716 830 1777 Pericula
851 1716 959 1776 ultima
986 1716 1098 1777 audere
1119 1728 1150 1779 et
1169 1724 1298 1799 experiri

214 1802 338 1861 tandem
360 1804 457 1861 iussus
478 1810 523 1860 est
546 1798 711 1876 scutimus,
737 1819 845 1880 quem,
876 1797 1012 1879 palantes
1041 1800 1143 1880 copias
1162 1820 1225 1860 non
1248 1805 1299 1862 in·

215 1894 337 1942 strenue
357 1902 545 1964 aggressum,
567 1900 629 1940 uno
657 1878 785 1945 vulnere
806 1878 929 1941 barbari
950 1882 983 1939 in
1009 1891 1139 1942 mortem
1159 1880 1297 1945 affecere.

214 1964 310 2024 Cuius
331 1976 414 2045 gesta
441 1962 530 2023 multi
555 1982 626 2023 cum
651 1963 703 2021 atti
725 1966 826 2039 erint,
850 1965 883 2021 in
905 1982 942 2021 eo
963 1964 1165 2040 consentiunt,
1188 1985 1298 2046 magna

209 2047 244 2105 in
268 2048 335 2126 ipso
363 2047 507 2119 virtutis,
529 2062 639 2127 magna
670 1984 742 2105 beili
770 2045 881 2104 decora
901 2044 1003 2121 fuisse,
1019 2044 1131 2126 quibus
1152 2066 1217 2107 rem
1237 2069 1296 2128 pu·

209 2126 322 2187 blicam
343 2129 376 2188 in
405 2128 509 2209 paucis
533 2126 731 2186 sustinuisset.
782 2127 866 2186 Inter
887 2124 962 2186 haec
990 2148 1042 2186 rex
1070 2126 1296 2211 Bulgamrum,

211 2218 243 2269 et
269 2209 355 2271 ducis
380 2220 411 2269 et
431 2208 561 2291 gregarii
583 2207 687 2268 militis
709 2204 808 2269 officia
827 2208 955 2283 obiens,
980 2208 1201 2292 Adrianopolin
1224 2234 1296 2275 eum

212 2294 344 2353 exercitu
366 2292 481 2367 movit,
501 2310 613 2351 corona
638 2289 873 2366 circumdatam,
897 2300 1057 2373 postquam
1074 2312 1195 2353 annona
1218 2295 1296 2355 dase-

209 2380 305 2448 cerut,'
326 2376 414 2454 cepit,
438 2375 559 2454 captivo
581 2371 664 2449 duci,
688 2372 833 2454 quicquid
852 2382 1072 2433 tormentorum
1095 2378 1221 2457 reperiri
1244 2398 1295 2457 po-

206 2458 287 2534 tuit,
309 2454 447 2516 adhibui
462 2457 559 2517 iussit.
604 2454 679 2515 lnde
693 2457 821 2516 victoria
834 2453 919 2516 haud
941 2458 1071 2537 segniter
1091 2478 1180 2535 usus,
1200 2458 1297 2520 Tiara-

206 2538 256 2597 cia
287 2547 318 2598 et
337 2536 515 2599 Macedonis
542 2536 624 2598 ferm
652 2540 781 2620 igneque
813 2548 954 2614 vasmta,
986 2538 1089 2598 sedem
1118 2542 1236 2620 imperii
1265 2552 1297 2602 et

204 2628 316 2701 caput,
335 2620 513 2702 Byzantium
541 2622 646 2702 petiit3
669 2629 703 2680 at
729 2620 836 2681 castris
917 2621 985 2697 itis,
1003 2640 1092 2681 versa
1121 2621 1159 2681 ad
1189 2642 1295 2702 pacem

266 2703 407 2782 tatione,
436 2712 471 2764 ut
495 2700 551 2762 sibi
572 2722 643 2762 curn
664 2701 803 2762 Romano
825 2638 917 2761 copo
946 2705 956 2759 i
984 2699 1104 2780 liceret,
1134 2706 1233 2765 oravit
1254 2706 1293 2782 ἵ).

204 2780 236 2841 Δ
292 2784 380 2843 iratio
406 2784 501 2845 subiit
522 2787 680 2865 utrimque
705 2786 852 2845 exercituo
876 2785 916 2842 m'
933 2785 1020 2861 tem,
1053 2784 1218 2846 cumhinc
1248 2786 1293 2847 se-

206 2863 324 2923 meiam
345 2862 478 2945 Bulgeri,
500 2864 572 2923 inde
587 2885 648 2923 non
672 2864 830 2923 infractam
851 2866 1045 2944 Imperatoris
1070 2877 1202 2926 mentem
1225 2889 1293 2927 cor-

206 2955 317 3024 neret,
339 2954 374 3005 ut
396 2945 449 3027 qui
472 2954 575 3006 mutae
604 2944 779 3025 dignitatem
803 2947 983 3018 maiestatis,
1012 2966 1083 3005 raro
1112 2967 1147 3005 ea
1176 2957 1293 3029 tempe-

205 3036 295 3101 state,
317 3036 348 3087 et
368 3046 403 3086 er
424 3036 528 3087 vetere
547 3027 694 3087 memoria
708 3022 855 3105 exemplo,
876 3046 932 3085 ore
951 3034 1076 3108 totoque
1095 3024 1202 3087 habitu
1225 3051 1293 3110 pro·

203 3107 310 3185 deret3
332 3110 393 3167 iam
415 3117 481 3169 tum
503 3111 692 3190 praesagiens
714 3110 835 3183 animo,
858 3104 941 3185 lore,
962 3118 997 3169 ut
1017 3129 1076 3189 pax
1095 3106 1291 3173 affinitatibus

201 3190 426 3250 connubiorum
451 3190 635 3257 firmaretur.
679 3186 808 3270 Aliquot
828 3191 916 3249 annis
934 3200 1019 3270 post,
1040 3191 1161 3250 Simeon
1186 3193 1290 3272 Bulga·

201 3290 282 3349 rus,
312 3272 419 3332 morbo
444 3274 624 3348 exstinctus,
649 3270 742 3331 Petro
763 3270 826 3329 tilio
847 3291 973 3353 regnum
997 3281 1176 3332 testamento
1195 3276 1289 3336 relin-

201 3355 271 3434 quit
288 3352 326 3433 Ι),
352 3356 419 3435 qui,
445 3353 514 3415 licet
535 3356 596 3417 iam
627 3355 791 3415 exercitum
811 3354 844 3414 in
866 3354 998 3417 Graecos
1032 3368 1192 3439 armasset,
1218 3380 1289 3420 curn

268 3530 361 3584 verbis
379 3530 462 3583 etiam
479 3530 532 3584 hoc
554 3532 707 3603 colligitur,
737 3532 832 3586 turbas
855 3534 930 3587 inter
944 3534 1139 3604 Euthymianos
1158 3545 1185 3590 et
1206 3538 1288 3591 Nico·

270 3600 352 3653 laites
373 3600 494 3653 nonduin
512 3600 564 3653 lrac
581 3610 670 3655 aetate
688 3605 868 3671 compositas,
884 3612 934 3656 aut
947 3621 1031 3658 novas
1048 3610 1140 3677 potius
1158 3609 1192 3660 de
1204 3624 1287 3680 quar-

269 3670 306 3722 tis
324 3672 429 3741 nuptiis
447 3679 519 3724 ortas
544 3688 611 3725 esse.
647 3672 730 3741 Quod
748 3683 888 3755 praeterea
904 3673 1044 3729 cedrenus
1064 3686 1201 3740 testum,
1227 3696 1287 3730 ma·

269 3754 403 3811 gnaraque
430 3740 537 3793 Nicolai
564 3742 755 3811 Chrysupergir
778 3744 808 3795 in
837 3743 1003 3798 stabilienda
1026 3748 1170 3800 eoncordia
1196 3765 1287 3801 curam

269 3809 368 3871 fuisso,
389 3809 481 3879 prodit
499 3828 525 3880 p.
545 3828 603 3881 poa.
623 3814 650 3863 ll.
671 3812 798 3865 Ceterum
819 3814 848 3865 in
865 3816 1045 3867 matrimoniis
1062 3816 1190 3870 ineundis
1208 3819 1286 3869 arella

270 3892 334 3944 gene
352 3878 453 3932 Graeca
477 3882 631 3950 religiosior
653 3882 725 3944 suit,
754 3892 786 3934 ut
809 3898 843 3934 ex
866 3883 1000 3937 Matthaei
1018 3886 1146 3938 Monachi
1170 3888 1285 3957 Quaest.

268 3948 1206 4078 '‘itit‘'tttt‘tut‘'ttlzifttlttitlt‘ffiffit
1222 3958 1284 4075 ⁶³4&

234 4012 346 4138 ¹illelsr.
364 4082 395 4135 Τ.
413 4088 433 4137 1.
452 4104 478 4155 p.
496 4037 556 4207 ἔω.
626 4090 655 4159 a)
674 4090 729 4143 Leo
749 4039 895 4144 Grammlt
914 4108 939 4160 p.
959 4093 1017 4163 49&
1056 4095 1168 4149 contin.
1187 4062 1283 4144 Theo-i

305 4166 351 4207 nu.
379 4168 404 4221 p.
418 4158 476 4223 al&
516 4160 606 4211 iraeon
630 4158 744 4229 Logoth.
769 4176 795 4227 p.
824 4162 884 4229 lot.
915 4164 1008 4214 ceteri.
1044 4164 1172 4216 Meminit
1198 4162 1281 4214 etium

265 4148 402 4275 ileon..
422 4224 560 4282 tiorum.
573 4228 609 4280 ad
620 4244 734 4299 amqap.
754 4229 888 4300 sigebert.
911 4231 998 4284 adan.
1012 4237 1073 4300 926.
1146 4232 1174 4301 3)
1191 4230 1281 4300 Quem
