3125 4917
255 394 310 455 DE
338 392 435 455 VlTA
459 392 510 455 ET
540 390 669 452 uultus
692 388 831 454 GESTlS
856 385 1137 453 cousrm'rlm.
1197 390 1305 453 vau

225 567 275 605 um
297 568 417 629 usque,
446 550 655 610 incursui-unt:
685 544 741 605 hos
769 543 971 623 Theophanes
990 545 1134 623 patricius
1154 548 1306 625 prosperis

221 630 341 709 praeliis
364 630 500 707 subegit,
525 640 554 689 et
576 631 731 707 (taphros,
765 648 897 706 quorum
920 629 1024 703 ingens
1062 648 1206 685 numerus
1227 639 1305 705 eret,
1348 654 1350 656 ¹

220 716 340 791 recepit.
382 713 462 771 Pace
486 732 555 771 cuin
585 711 632 770 his
660 712 846 791 composita,
877 710 984 782 aussi,
1006 731 1085 789 qiiae
1107 721 1172 767 tum
1198 713 1304 786 natio,

220 804 316 853 terror
339 797 445 853 (ii-aeni
466 795 597 853 nominis
623 796 694 851 mari
715 792 931 873 praepollebat,
952 790 1069 871 direpta
1088 794 1197 851 minori
1218 793 1326 879 Asin,⁸

217 898 287 934 cuin
319 877 420 935 deeeiu
446 874 726 938 naviuinmillibus
757 896 841 932 mare
863 872 1045 933 obsederunt
1063 876 1097 949 ἵ).
1140 875 1305 953 Nunquam

216 960 247 1017 in
271 958 388 1017 areolas
406 962 527 1037 gravius
551 962 717 1033 saevitum,
746 959 907 1039 praecipue
929 956 1097 1016 sacerdotes
1121 958 1413 1036 gi·urissiniist..).'lx

218 1040 371 1121 suppliciis
404 1040 501 1101 allecti
524 1052 605 1116 seuit,
626 1060 680 1099 nee
703 1060 720 1099 a
740 1042 834 1099 satiris
851 1036 975 1097 aedibus
994 1037 1094 1097 hostes
1114 1041 1213 1117 ignem
1236 1040 1306 1099 obs·

217 1125 384 1187 tinueruut.
437 1125 605 1184 Distraetae
638 1121 750 1182 seilicet
772 1134 858 1181 erant
873 1122 990 1199 imperii
1006 1124 1099 1196 vires,
1119 1122 1201 1201 quod
1214 1142 1307 1181 naves

218 1216 271 1265 aut
298 1217 404 1265 eontra
430 1205 593 1264 Saracenos
621 1208 729 1263 missae
761 1214 873 1278 erant,
911 1212 963 1260 aiut
992 1202 1106 1261 insulas
1133 1204 1307 1264 tuebuntur.

217 1286 362 1347 Praeerat
382 1288 548 1346 humorum
567 1286 653 1350 classi
682 1287 762 1363 igar,
786 1308 839 1345 seu
869 1286 962 1365 lngor
983 1286 1007 1360 Ἰ)
1031 1284 1123 1366 (quoil
1144 1286 1307 1362 admoneo,

215 1390 255 1428 ne
278 1371 347 1448 quis
376 1370 512 1429 visurum
537 1372 781 1429 immutationem
811 1378 921 1448 putet,
961 1388 1039 1448 iprae
1064 1388 1223 1428 nominum
1251 1372 1307 1446 est)

215 1454 355 1531 princeps
376 1455 494 1531 geritis,
518 1450 594 1510 nulli
622 1454 735 1511 virtute
764 1452 932 1525 secundus,
957 1460 987 1512 et
1009 1452 1144 1510 victoriis
1166 1452 1307 1532 plurimis

216 1532 376 1612 superbus.
399 1534 468 1592 Non
485 1533 538 1593 iliu
554 1544 654 1593 tamen
673 1532 786 1609 hostes,
802 1554 872 1593 eum
886 1543 1017 1592 uentum
1032 1533 1071 1592 aul
1092 1554 1199 1593 manus
1215 1545 1306 1612 esset,

214 1614 411 1695 Theophanis
428 1617 574 1696 impetum
596 1617 775 1675 erastinuere:
799 1628 883 1676 certe
901 1637 935 1675 ex
956 1614 1085 1675 navibus
1103 1637 1218 1697 paucae
1240 1638 1305 1675 ser-

215 1706 325 1770 vatae,
353 1718 423 1777 pars
448 1702 576 1757 maxima
608 1708 660 1757 eut
699 1719 798 1759 mersa
831 1718 983 1778 aequore,
1015 1708 1068 1758 eut
1093 1701 1211 1757 Gmeeo
1236 1701 1307 1779 igne

213 1778 371 1838 combusta
396 1790 450 1841 est.
507 1779 706 1861 Fugientibus
747 1782 874 1841 loannes
903 1783 1038 1840 Cureuas
1074 1800 1145 1839 eum
1178 1783 1304 1839 orientis

213 1863 308 1940 copiis
323 1864 517 1942 supervenit,
539 1873 570 1923 et
594 1863 731 1923 horribili
755 1864 841 1923 claile
861 1862 983 1921 allectos
1007 1860 1128 1924 delevit.
1173 1862 1218 1923 Rc
1235 1863 1301 1922 seli-

210 1945 285 2001 eitar
319 1955 422 2022 gesta,
453 1942 652 2025 Theophanes
682 1950 824 2025 princeps
848 1944 980 2005 cubiculi
1010 1943 1132 2020 ilionis,
1172 1945 1302 2006 loannes

212 2026 359 2101 Curcum,
389 2028 441 2106 qui
466 2026 585 2085 duobus
609 2039 639 2087 et
662 2032 770 2107 viginti
799 2030 885 2085 aunis
908 2048 972 2085 rem
999 2026 1151 2107 publicam
1175 2026 1302 2086 consilio

214 2116 245 2163 et
267 2111 358 2167 arinis
377 2120 570 2184 sustentaret,
593 2121 635 2188 et,
657 2122 692 2169 ut
711 2122 776 2169 erat
793 2112 912 2186 magnis
934 2112 1015 2167 ausis
1034 2120 1194 2189 promtus,
1218 2108 1301 2168 mille

215 2200 335 2265 ceperat
352 2192 484 2270 oppida,
507 2190 633 2271 prolatis
654 2192 693 2252 iul
715 2192 905 2274 Euphratem
923 2203 954 2250 et
977 2192 1096 2267 Tigrim
1119 2194 1238 2272 imperii
1266 2192 1301 2250 si-

215 2268 317 2345 uilius,
338 2273 450 2331 invidia
473 2295 632 2353 oppressus
660 2286 705 2335 est
723 2276 757 2351 ³).
806 2276 894 2335 Rosci
922 2297 939 2333 a
958 2276 1048 2335 caede
1074 2284 1104 2333 et
1129 2275 1210 2332 lemn
1232 2276 1297 2332 ani-

215 2368 298 2408 mum
313 2372 458 2427 sumsere,
479 2366 509 2411 et
524 2358 705 2430 ignominiae
719 2359 930 2435 impatientes,
953 2356 1078 2415 collecto
1093 2378 1111 2414 e
1121 2356 1249 2433 Vaiegis
1259 2356 1299 2431 ⁴),

212 2428 337 2511 Sluvis,
360 2430 498 2513 Polouis,
533 2436 630 2495 milite
656 2448 686 2494 et
707 2441 854 2497 instructa
873 2437 982 2511 classe,
1011 2458 1117 2497 rursus
1139 2440 1299 2497 Graeciam

280 2613 523 2683 septentrionalem
533 2616 636 2682 plagam
652 2616 685 2666 iul
698 2614 846 2667 Caiieaiuiu
857 2623 977 2667 montem
993 2615 1147 2668 incoluisse.
1155 2616 1244 2667 Multo
1262 2616 1298 2668 ile

282 2683 316 2735 iis
326 2683 520 2735 Constantinus
533 2686 604 2737 libro
619 2684 654 2735 sle
670 2684 877 2737 administrand.
905 2686 972 2753 lmp,
983 2686 1066 2739 variis
1075 2686 1146 2767 locis
1163 2687 1299 2738 observat.

254 2752 995 2891 'loliffmiltoifi''’ill„‚Bliililllemilll'liii'.
1021 2754 1298 2889 hilaritati:

279 2904 343 2958 pag,
361 2887 424 2957 ⁴90.
449 2888 498 2940 uhi
523 2888 620 2939 llussos
649 2890 791 2941 Droiui'tas
817 2901 910 2951 vocat,
937 2892 969 2939 ἐκ
997 2893 1100 2957 γένους
1118 2890 1175 2943 sair
1199 2893 1297 2959 ‘iucly-

306 2974 347 3009 ων
377 2958 468 3014 ὄντας.
522 2958 592 3009 Τιιιιι
624 2958 698 3008 enim
732 2958 876 3010 Germania
909 2959 1035 3010 universa
1069 2959 1183 3011 Praecla
1221 2961 1297 3013 ilice-

283 2976 380 3089 hatur‚
407 3026 485 3079 utin
503 3026 576 3079 notis
597 3024 631 3076 ad
650 3026 791 3079 Constant.
817 3028 852 3079 ile
871 3027 1007 3081 Cerimou.
1033 3029 1120 3079 Aulae
1137 3032 1245 3096 Byeaut„
1263 3050 1297 3083 o·

282 3098 413 3149 stauilaiu.
451 3094 510 3148 llue
535 3099 617 3147 ctiam
642 3095 826 3163 huitpraudus
846 3097 982 3164 pertinet,
1000 3099 1032 3151 V.
1051 3100 1077 3150 6.
1113 3102 1186 3153 Osiri
1208 3118 1297 3171 quae·

282 3164 345 3219 ilem
366 3181 407 3219 sss
435 3166 484 3218 sub
508 3166 656 3236 Aquilonis
682 3178 763 3233 parte
799 3166 968 3227 conutitutis,
1002 3184 1086 3235 quous
1112 3187 1131 3220 a
1158 3172 1301 3235 qiioti'tata

280 3238 405 3305 corporis
432 3236 534 3288 Graeci
558 3246 661 3287 uocant
693 3234 805 3295 Brasos,
843 3254 893 3288 nos
917 3254 935 3287 u
995 3239 1097 3290 sitinus
1127 3237 1187 3291 locs‘
1209 3257 1299 3292 voca-

280 3324 340 3359 iiuss
357 3302 558 3357 Nordmaiiuos.
595 3303 721 3365 Ilicem,
747 3305 882 3373 aCaugiii
902 3306 936 3354 ad
964 3322 1082 3357 oriamur
1100 3324 1126 3375 p.
1146 3326 1191 3377 99.
1209 3308 1298 3361 adclu-

282 3383 359 3435 etus,
375 3390 423 3425 eos
440 3377 497 3425 τῶν
512 3373 637 3427 Σκυθῶν
654 3372 739 3431 ἔθνος
753 3381 840 3427 vocat.
877 3375 997 3426 Classem
1015 3372 1051 3424 iul
1068 3376 1157 3430 millia
1175 3378 1300 3451 quiude.

283 3444 335 3495 cina
353 3450 519 3512 paraverant.
556 3444 650 3499 Zonar.
669 3458 695 3511 p.
709 3460 775 3511 191..
793 3444 920 3495 meminit
944 3443 1025 3495 etiam
1044 3444 1177 3512 sigebert.
1200 3450 1235 3501 sd
1254 3468 1298 3502 ιιιι.

282 3514 343 3582 936.
414 3512 442 3579 ι)
459 3514 490 3566 V.
510 3510 634 3579 Theoph.
652 3510 980 3581 Sigel'r.ttayeii1)isseit
1000 3512 1035 3564 ile
1047 3512 1159 3581 Vaccaeis
1176 3518 1207 3569 iii
1218 3518 1300 3570 Com-

281 3590 364 3634 meat.
393 3580 548 3649 l’etropolit.
577 3582 609 3634 Τ.
634 3580 678 3632 lv.
702 3598 728 3650 p.
753 3585 812 3651 ²9³·
884 3584 912 3653 3)
930 3584 1020 3634 vium
1046 3582 1084 3635 lo.
1118 3586 1240 3638 Circense
1271 3596 1302 3642 st

283 3669 325 3704 res
343 3651 418 3702 brllo
445 3651 549 3719 egregie
573 3657 660 3721 gestas
684 3660 746 3704 octo
769 3652 850 3703 libris
867 3652 977 3704 Maniiel
996 3652 1231 3722 protospatharius
1251 3674 1301 3709 ex·

261 3758 262 3761 =
283 3726 391 3791 poiiiit,
410 3721 484 3792 quoii
505 3736 572 3789 opus
591 3720 692 3773 dudum
711 3724 804 3789 periit.
826 3722 950 3789 Theoph
970 3722 1299 3792 concupissent.

281 3792 401 3859 (langius
425 3789 520 3841 l'aiuil.
547 3790 654 3855 Byzant.
683 3808 710 3859 p.
733 3795 789 3847 153.
861 3792 890 3861 4)
909 3795 1024 3860 Bayeius
1053 3793 1072 3843 l.
1098 3811 1119 3843 c.
1144 3794 1299 3849 Geiliaislus

281 3862 355 3913 rita.
376 3860 525 3921 Mullum,
553 3861 596 3911 cui
624 3861 739 3912 multum
758 3860 843 3914 dehet
870 3865 983 3931 antiqua
1004 3865 1149 3914 ltussoruin
1167 3863 1294 3930 historia,

282 3946 386 3984 uoinca
403 3930 491 3997 gentis
509 3947 523 3980 a
542 3930 674 3982 vocabulo
696 3932 818 3993 Vei-sch,
842 3935 983 3994 morinus,
1001 3930 1086 3995 «lucit,
1106 3933 1190 4003 idque
1208 3938 1301 3988 omni-

283 3999 349 4054 hus.
381 4002 429 4069 qui
457 4001 596 4069 piraticam
624 4001 806 4064 exercebunt,
835 4020 977 4053 roinmuue
1004 4002 1088 4054 fuisso
1116 4005 1245 4068 eouiieit,
1270 4008 1300 4057 iia

282 4070 393 4122 collect
413 4069 448 4121 sil
467 4071 567 4123 ilistor.
587 4072 693 4121 ltiissar.
711 4088 738 4140 p.
758 4071 782 4136 4.
819 4072 956 4129 'theodos
970 4073 1110 4131 Kiovieiii.
1127 4075 1162 4126 sil
1180 4091 1223 4126 an.
1237 4076 1299 4125 860.

280 4156 344 4199 eos,
372 4142 439 4191 inuri
463 4140 592 4197 traiecto.
620 4141 725 4202 Sturii,
756 4140 889 4199 literanis.
915 4142 1054 4203 Ciiritais,
1087 4146 1136 4214 qni
1161 4145 1296 4197 communi

280 4209 391 4262 nouiiue
410 4210 487 4263 ltussi
507 4209 695 4281 appellantur,
715 4210 819 4265 tributa
838 4216 983 4281 imperasse
1002 4212 1095 4263 retest
