3125 4917
235 360 304 421 ttv
424 357 481 420 10.
514 358 639 419 utun.
669 356 821 421 LElCHll
851 354 1148 421 consummo

237 520 306 570 runt
327 508 475 569 intestinis
495 507 594 585 odiis,
615 518 665 582 et,
696 508 795 570 divisa
814 509 894 568 inter
912 507 1017 591 pluma
1044 510 1201 592 potastis,
1228 530 1278 573 res
1297 511 1331 571 iu

237 612 392 653 summum
412 590 573 653 discrimen
593 590 759 651 ambitione
777 592 951 674 principum
972 602 1039 652 erat
1058 591 1217 673 perducta.
1240 592 1331 654 Prae·

236 678 326 755 cipue
346 674 512 750 Saraceni,
533 672 573 733 ab
597 694 633 733 eo
652 684 803 755 tempore,
824 694 887 756 quo
905 676 1038 755 primum
1058 676 1122 736 suis
1143 674 1267 735 sedibus
1286 696 1332 735 ex·

237 760 309 840 citi,
329 754 424 817 classe
443 759 477 817 in
498 755 617 816 ltaliam
639 768 810 835 venerant,
839 756 954 817 crebris
983 758 1208 819 incursionibus
1236 760 1331 818 mari·

237 844 344 900 timum
365 860 454 901 oram
474 838 634 899 vexabant.
665 840 788 900 Horum
806 852 842 901 ut
861 838 1006 901 ferociam
1025 849 1251 923 compesceret,
1272 840 1334 918 (ba-

237 916 350 983 bebant
371 924 453 981 seim
472 924 505 982 in
517 920 671 982 Gaailiauo
693 934 797 983 monte
816 944 922 1001 arces,
943 944 1019 1005 quas
1038 943 1150 1007 magna
1169 925 1218 983 vis
1237 942 1334 983 arma·

235 1015 269 1065 ta
289 1015 320 1065 et
341 1004 494 1065 incondita
517 1004 697 1081 tuebatur,l
730 1004 944 1088 Atenulphus,
965 1007 1090 1088 Capuae
1116 1016 1148 1067 et
1167 1005 1335 1067 beneventi

236 1090 390 1169 princeps,
404 1086 621 1169 Landnlphum
640 1088 750 1166 filium,
771 1100 807 1149 ut
825 1087 928 1150 valida
947 1111 967 1150 a
980 1090 1083 1150 Leone
1092 1090 1208 1172 lrnper.
1222 1086 1335 1149 auxilia

237 1180 368 1253 peteret,
388 1171 566 1251 Byzantium
595 1172 677 1231 misit
690 1172 724 1250 ¹).
764 1172 814 1231 De
839 1174 972 1232 exoritu
999 1175 1032 1233 in
1053 1170 1173 1234 ltaliam
1193 1170 1335 1232 ducendo

238 1251 326 1313 facile
346 1253 517 1335 Imperator
536 1257 681 1330 assensit,
702 1264 733 1314 et
753 1251 990 1336 Landnlphum,
1012 1257 1195 1337 Gregorium
1217 1254 1337 1335 Neapo-

238 1334 390 1415 litanum,
412 1348 443 1397 et
464 1337 631 1411 loannem,
653 1336 775 1397 Caietae
796 1337 927 1415 ducem,
956 1340 1085 1419 patricia
1136 1339 1143 1353 ’
1188 1339 1260 1397 ‘tate
1280 1356 1334 1397 or-

237 1418 332 1480 navit.
380 1418 441 1479 Sed
461 1418 537 1494 dum
562 1420 593 1479 in
615 1440 649 1479 re
668 1419 788 1503 trepida
817 1422 939 1501 segnius
966 1422 1092 1501 copias,
1126 1439 1334 1501 cassemque,

237 1502 379 1577 instruit,
402 1500 545 1562 Ataulfiss
566 1504 715 1580 moritur,
737 1504 927 1584 principatus
947 1501 1131 1585 landulpho
1150 1512 1182 1562 et
1201 1500 1336 1562 Atenul·

237 1582 323 1665 pho,
345 1583 437 1661 filiis,
468 1584 614 1644 defertur.
658 1587 729 1644 Mox
751 1585 792 1645 ad
811 1586 968 1647 ferendam
987 1606 1078 1667 opem
1098 1586 1208 1645 Graeci
1241 1583 1337 1644 adve-

238 1686 330 1743 nere,
352 1686 422 1725 cum
443 1666 555 1747 quibus
577 1667 705 1726 loannes
725 1666 880 1747 pontifex,
911 1668 1106 1744 Gaimarius,
1127 1666 1338 1727 Salemitanus

238 1751 401 1891 pripplslrps,
431 1746 526 1891 Affii
547 1759 578 1809 et
597 1747 722 1891 ξΣᾱιιΙιὼιί
735 1770 870 1893 ,ῒῗιιωιέ
884 1748 1032 1848 militem,
1065 1750 1106 1810 ad
1131 1746 1337 1891 ἕωίηάειιᾶι

238 1852 550 1995 lindili‘nnriff
564 1834 1339 1998 a..t‡.iit.‚’·.,.;t⁸i.⁰.t’..tt...itt⁰tt1

240 2006 341 2055 tntum
363 1998 442 2071 rati,
465 1997 498 2054 in
518 1994 603 2055 silvis
623 2006 655 2055 et
674 2000 826 2056 montium
845 1997 951 2074 editis,
973 1997 1159 2080 praesidium
1178 1998 1338 2075 quaesive-

241 2087 327 2137 runt.
369 2076 430 2137 Res
458 2098 565 2137 eorum
591 2074 682 2157 plane
710 2081 828 2139 attritas
856 2098 956 2140 novus
986 2100 1023 2139 ex
1054 2078 1160 2137 Africa
1190 2079 1339 2137 exercitus

241 2160 392 2235 restituit,
413 2160 465 2241 qui
484 2170 645 2242 postquam
656 2161 773 2220 Romae
792 2159 847 2220 diu
866 2162 1078 2235 imminuerat,
1098 2180 1200 2219 arcem
1217 2162 1250 2219 in
1265 2159 1340 2219 Gar·

242 2262 335 2324 gano,
361 2240 490 2323 Apuliae
510 2254 631 2319 monte,
653 2246 773 2303 munire
794 2243 905 2323 coepit,
925 2243 1008 2303 unde
1027 2243 1129 2302 vicino
1148 2262 1223 2323 agro
1242 2252 1340 2302 vasta-

241 2336 291 2403 to,
314 2326 540 2403 Beneventum,
560 2324 717 2386 obsidione
738 2325 829 2406 longa
850 2323 1028 2407 fatigatam,
1051 2323 1192 2386 incendio
1213 2323 1339 2385 delevit.

243 2408 363 2469 lntcrea
377 2406 492 2490 Apulia
512 2410 610 2468 omnis
633 2417 665 2469 et
679 2406 841 2486 Calabria,
862 2410 895 2467 in
916 2408 1097 2470 seditionem
1117 2428 1229 2486 versa,
1249 2407 1341 2467 Grae·

241 2511 349 2551 corum
369 2492 475 2573 iugum
495 2491 663 2569 deiecerat,
691 2491 774 2573 quod
794 2489 979 2571 proferendo
1002 2491 1172 2550 dominatui
1190 2500 1341 2571 opportu-

242 2594 317 2633 num
340 2582 424 2640 ratus
446 2572 661 2653 Landnlphus,
685 2576 717 2632 in
738 2575 872 2631 Graecos
891 2573 998 2633 duxita
1018 2571 1073 2631 sed
1092 2570 1223 2648 auxilia,
1245 2592 1265 2631 a
1283 2571 1342 2632 Sa·

246 2656 365 2714 racenis
386 2657 544 2730 accersita,
572 2653 701 2714 rebelles
730 2652 770 2712 ad
795 2653 976 2735 obsequium
996 2652 1097 2714 redire
1116 2664 1281 2736 coegerunt
1300 2654 1339 2732 ⁸).

249 2736 342 2797 Anno
363 2738 500 2815 proximo
520 2738 553 2795 in
573 2736 654 2878 apis
675 2734 837 2797 Asculanis
865 2734 1064 2797 memorabile
1091 2736 1241 2818 praelium
1261 2740 1343 2797 inter

247 2816 464 2899 Landnlphum
478 2830 508 2879 et
521 2817 596 2879 Ursi
607 2838 689 2896 eum,
711 2819 820 2879 Graeci
833 2823 980 2880 exercitus
994 2818 1123 2897 ducem,
1145 2820 1341 2880 commissum

243 2912 308 2979 est,
330 2901 424 2961 dubio
443 2903 577 2983 primum
598 2913 730 2981 eventu,
752 2912 823 2984 post
842 2904 917 2962 victi
938 2902 1071 2979 Graeci,
1094 2901 1209 2981 Apulia
1229 2912 1261 2961 et
1280 2900 1342 2959 Ca·

243 2983 342 3045 lubria
361 2994 482 3065 recepta
501 2995 564 3059 est,
594 3004 708 3065 quam,
738 2987 800 3044 icto
819 3004 891 3044 curu
906 2984 1064 3043 Gaimario
1084 2982 1223 3058 foedere,
1258 2982 1341 3044 Lau·

244 3064 377 3149 dulpbus
407 3077 521 3149 septem
551 3068 638 3124 annis
667 3068 765 3124 tenuit
774 3066 812 3143 4Ι).
856 3064 932 3124 lnde
951 3066 1095 3124 continua
1123 3084 1195 3125 cum
1215 3065 1339 3127 Graecis

265 3278 292 3349 ι)
308 3274 464 3329 idemiiist
475 3276 535 3328 Lib.
546 3276 578 3329 11.
589 3293 654 3329 cas.
670 3274 797 3345 Theopb
808 3273 919 3329 Consta
927 3292 1016 3347 perp
1024 3276 1230 3348 expeditionem
1237 3273 1339 3330 Leonis

314 3346 346 3399 iu
360 3346 556 3415 Langobardos
579 3353 724 3409 memorat,
742 3361 894 3416 eorumque
911 3344 1009 3399 ducem
1030 3347 1164 3419 Egiouem
1187 3348 1226 3415 (i.
1243 3344 1340 3415 liugo-

314 3418 499 3488 acm)socat.
570 3415 601 3481 a)
619 3416 712 3485 Lupus
731 3416 854 3486 Protosp.
871 3416 902 3468 iu
920 3414 1057 3470 Chronico
1072 3416 1109 3468 sd
1120 3431 1163 3466 au.
1183 3414 1245 3485 9¹&
1279 3414 1340 3467 a:-

315 3490 411 3543 s'eraut
424 3487 551 3559 Agerent*
568 3485 602 3541 de
622 3486 775 3540 Gariliano
795 3486 1026 3558 et-expleutar
1041 3486 1084 3553 do.
1106 3484 1197 3546 anni,
1223 3501 1261 3537 ere
1283 3499 1340 3556 qao

314 3560 441 3629 Agerent
467 3558 641 3611 introierunt
661 3557 693 3609 in
721 3558 843 3610 Italiam.
881 3556 960 3609 Couf.
991 3556 1139 3607 Giauaoue
1171 3553 1263 3607 Storie
1292 3552 1340 3606 del

316 3628 409 3695 Regno
433 3626 462 3679 ‹li
492 3627 592 3696 Napoli
622 3628 653 3678 T.
683 3626 703 3677 l.
729 3627 759 3679 L.
782 3627 881 3682 Vlia.
907 3629 935 3693 4.
1006 3625 1038 3694 3)
1056 3622 1256 3693 luitprandus:
1281 3624 1340 3678 tte:

316 3696 490 3765 Africanae,
523 3697 871 3769 legationalmperatoris
892 3696 1018 3755 accitus,
1051 3692 1269 3748 innumerabiles
1288 3710 1340 3746 ra·

317 3765 391 3818 situ·
412 3766 507 3832 copias
526 3767 558 3815 in
584 3766 745 3818 Calabriam
767 3766 953 3838 Apuliamque
984 3760 1103 3827 diresin
1129 3762 1266 3836 binasque
1286 3760 1338 3817 bas

316 3834 445 3903 regiones
462 3834 641 3902 Imperatoris
658 3832 817 3887 dominatui
835 3832 1024 3907 potentissime
1041 3829 1175 3887 subdidit.
1244 3831 1340 3902 ⁴)Lu-

318 3919 371 3973 pus
398 3902 575 3971 Protorpatha
594 3920 636 3955 aa.
654 3919 715 3970 9²¹·
751 3904 865 3957 interiit
891 3902 1002 3957 Ursileo
1027 3905 1147 3971 aretino
1169 3904 1202 3955 in
1226 3902 1339 3975 praelio

318 3970 354 4025 de
374 3972 493 4033 Ascalo,
522 3989 613 4025 mense
639 3970 765 4041 Aprilis,
792 3985 819 4025 et
841 3969 1024 4044 apprehendit
1044 3969 1241 4043 Pandalplsusa
1262 3976 1340 4043 Apu·

318 4042 363 4095 leo
390 4040 461 4111 (leg.
486 4042 597 4095 Laudat
615 4039 666 4093 bar
686 4042 845 4114 Apuliam).
879 4041 1009 4096 Meminit
1025 4041 1211 4115 expeditionis
1226 4042 1340 4095 Romani

321 4112 352 4165 ia
371 4110 562 4179 Langobardos
588 4061 759 4165 dubitantia.
779 4112 810 4168 L.
834 4112 869 4167 de
893 4110 1028 4169 Cesinoa
1052 4112 1114 4170 Aut
1140 4112 1202 4179 bys.
1219 4112 1274 4167 HS.
1290 4111 1339 4166 iot.

320 4198 380 4237 aaa.
407 4196 446 4253 sq.
