3125 4917
255 378 336 484 ιλιι
451 408 721 474 consantanei
750 406 1114 478 nonunneeaum

248 583 308 640 ρας
326 552 349 642 ἢ
367 562 424 624 καί
439 565 559 644 τρίτην,
582 555 680 644 ἤγουν
695 563 751 642 τῆς
774 567 962 646 παραμονῆς
980 567 1043 628 τοῖν
1058 560 1189 649 φιύτννν,
1211 566 1259 640 είς
1279 564 1336 630 τάν

237 658 400 737 Ιβασιλέα,
431 656 677 742 άπομιμνήσκων
699 657 797 723 αύτὸν
823 661 900 744 περὶ
922 665 981 725 τοῦ
1003 659 1218 747 πατριάρχου,
1248 656 1336 738 ὅπως

247 752 382 839 ἑσπέρας
409 759 455 830 εἰς
486 757 542 821 τὸν
573 756 730 839 άγιασμὸν
750 754 842 845 ἔλθη,
873 760 929 822 καί·
957 759 1069 824 ὁποίαν
1096 756 1183 846 άραν
1210 757 1334 824 κελεύει
1394 801 1400 813 ·

244 857 482 937 παραγενέσθαι
498 854 603 936 αύτόν,
626 850 647 938 ἢ
663 859 786 940 πρῶτον
804 855 940 939 ἁγιάσας
962 862 1007 933 είς
1024 857 1082 943 την
1098 861 1263 945 ἐκκλησίαν
1276 857 1335 943 την

243 949 399 1036 μεγάλην,
420 949 484 1018 εἶθ’
506 949 604 1030 οὕτως
617 957 745 1043 εἰσέλθῃ
750 1006 760 1035 ,
784 954 926 1038 άγιάσων
940 961 986 1034 εἰς
1003 957 1058 1023 τὸν
1071 955 1148 1024 ναόν
1160 962 1218 1024 τοῦ
1238 955 1353 1041 άγίαιιό

242 1047 425 1136 ἕτεφάνου,
446 1045 468 1136 ἢ
485 1056 609 1138 πρῶτον
630 1051 757 1136 άγιάσει
776 1059 823 1131 εἰς
837 1053 892 1120 τὸν
914 1052 1005 1139 ἅγιον
1023 1059 1184 1144 Στέφανον
1200 1055 1256 1121 καὶ
1269 1051 1334 1122 εἶθ’

244 1144 344 1223 ούτως
364 1149 568 1235 ὑποστρέψας
595 1151 722 1234 άγιάσει
750 1158 797 1228 εἰς
820 1151 877 1236 τήν
900 1154 1040 1238 μεγάλην
1065 1157 1249 1238 ἐκκλησίαν,
1278 1155 1337 1218 καὶ

245 1247 353 1323 καθώς
365 1247 508 1313 κελεύσει
524 1249 542 1314 ά
560 1249 712 1332 βασιλεύς
733 1257 776 1340 τῷ
795 1256 1008 1342 πραιποσίτηι,
1031 1256 1335 1336 α’ποστέλλεικαυβι-

247 1344 415 1431 κοολάριον
431 1349 488 1410 καί
506 1345 732 1435 σιλειτιάριον,
761 1354 1041 1434 προσκαλέσασθαι
1063 1351 1119 1418 τὸν
1134 1348 1335 1438 πατριάρχην

108 1447 291 1519 Βαλιδλεῖς
310 1444 365 1509 τὸν
396 1445 572 1529 άγιασμὸν,
598 1449 633 1511 ἐν
655 1440 678 1536 ᾗ
690 1446 771 1534 alien
792 1447 913 1514 κελεύει
934 1449 952 1514 ὅ
971 1447 1132 1530 βασιλεύς.
1173 1452 1274 1516 ἱστίον
1297 1451 1377 1518 tero

243 1543 301 1608 nul
324 1547 429 1626 τοῦτο,
462 1540 512 1608 ὅτι
534 1544 588 1609 διά
617 1551 680 1610 τῶν
698 1549 806 1613 αύταῐν
829 1548 887 1613 καὶ
904 1553 944 1636 τῇ
959 1545 1030 1632 ἑξῆς
1044 1554 1267 1634 προσκαλεῖται
1287 1549 1334 1622 εἰς

241 1641 278 1707 τύ
297 1639 469 1727 κληταύριον
494 1643 513 1709 ὁ
532 1643 747 1730 πατριάρχης·
772 1644 808 1710 τὸ
824 1649 860 1711 δὲ
879 1651 968 1731 πρωῒ
991 1651 1031 1733 τῇ
1045 1649 1215 1733 παραμονῇ
1235 1643 1335 1710 άλλά-

243 1747 318 1821 ξιμα
336 1744 378 1805 ου’
395 1745 537 1823 γίνεται,
559 1745 620 1818 ἕως
637 1740 725 1827 ὤραν
754 1742 785 1807 θ’
808 1743 961 1808 α’λλάσσει
981 1744 1015 1809 τό
1041 1739 1261 1828 κονβούκλειον
1273 1737 1334 1824 μά-

241 1864 311 1919 νσν,
333 1842 389 1903 καί
408 1836 460 1905 ύτε
477 1844 561 1924 λέγει
576 1845 595 1925 ἡ
613 1842 735 1926 μεγάλη
759 1844 907 1926 ἐκκλησία
927 1839 1119 1924 α’νάγνιοσμα
1136 1841 1282 1926 τέταρτον
1310 1834 1334 1925 ἢ

240 1942 298 2002 καί
316 1941 469 2022 πέμπτον,
499 1939 604 2004 ἐλθών
620 1938 828 2025 σιλεντιάριος
843 1938 960 2024 μηνύει
976 1945 1019 2028 regi
1030 1945 1086 2024 τῆς
1101 1937 1329 2023 καταστάσεως,
1335 1953 1374 2020 15

241 2039 382 2112 κάκεῖνος
401 2041 445 2122 τῷ
470 2041 677 2126 πραιποσιτηι,
692 2040 834 2114 κάκεῖνος
848 2043 892 2126 τῷ
901 2045 1039 2122 βασιλεῖ.
1084 2039 1103 2102 ά
1122 2042 1158 2105 tt
1177 2037 1330 2122 βασιλεύς

241 2138 401 2219 διέρχεται
410 2135 462 2200 διά
477 2141 539 2200 τῶν
550 2139 809 2220 trapezuntena
825 2139 991 2217 παλατίου,
1002 2135 1059 2201 καί
1071 2133 1125 2202 διά
1136 2140 1192 2220 τῆς
1207 2133 1331 2224 δάφνης

240 2233 371 2298 καὶτοῦ
396 2229 596 2317 αύγουοτέιος
627 2237 807 2322 εἰσέρχεται
834 2238 880 2311 εἰς
894 2235 950 2301 τάν
968 2240 1103 2302 κοιτῶνα
1122 2238 1179 2319 τῆς
1196 2230 1329 2322 δάφνης,

104 2353 228 2424 M⁸·7¹·²
239 2336 371 2414 πλησίον
388 2337 446 2398 τού
464 2337 545 2398 ναοῦ
556 2338 614 2400 τοῦ
629 2334 721 2417 άγιλιυ
736 2330 919 2420 Στεφάνου,
938 2336 1066 2400 κάκεῖσε
1095 2331 1204 2418 telleia
1226 2337 1330 2415 νεῦμα

240 2427 258 2491 e‘
279 2427 504 2512 πραιπάσιτος,
526 2434 610 2511 λέγει
626 2442 691 2504 τοῖς
708 2430 858 2513 ἱερεῦσιν,
882 2427 967 2506 ὅπως
987 2427 1144 2515 ἄρξωνται
1163 2435 1220 2514 τῆς
1236 2433 1371 2508 Saliam

214 2532 437 2610 Βλειτουργίας
456 2530 502 2602 εἰς
523 2526 578 2593 τύν
600 2528 678 2592 ναὸν
702 2532 760 2590 τοῦ
778 2529 870 2610 άγίου
893 2526 1071 2612 Στεφάνου,
1101 2521 1175 2614 ἕνῷ
1199 2527 1327 2609 ‹ityre-

238 2625 320 2706 σμὸς
337 2633 483 2689 τελεῖται.
511 2629 558 2700 εἰς
576 2628 611 2689 tt
633 2623 688 2690 τύν
706 2626 884 2708 αύγοοστέα
902 2627 959 2688 καί
974 2629 1020 2700 εἰς
1041 2623 1076 2689 τά
1105 2622 1326 2710 κονσιστούριον

239 2722 453 2790 άλλάσσόοσιν
478 2722 508 2788 οὶ
530 2728 688 2809 πατρίκιοι
709 2722 765 2786 καί
785 2719 895 2806 μόνον·
925 2726 964 2810 τῇ
991 2722 1053 2806 γάρ
1076 2717 1195 2810 ἕσπέρρ
1223 2725 1325 2810 ἐκείνη

239 2816 315 2890 άλλσ
336 2824 487 2907 α’φφίκιον
516 2825 574 2885 ουίι
596 2823 764 2901 άλλάσσει,
785 2817 878 2907 εἰξμη
896 2817 925 2885 οἱ
944 2823 1103 2906 πατρίκιοι
1124 2822 1181 2884 καί
1196 2819 1232 2886 τύ
1251 2843 1326 2885 κον-

309 2992 334 3045 8.
352 2989 459 3042 κελεύει
472 2989 515 3042 etl.
589 2991 628 3044 15.
647 2991 697 3042 καλ
715 3005 767 3040 orn.
780 2989 822 3040 ed.

239 3127 359 3190 reilicet,
384 3129 578 3197 Imperatorem
593 3127 666 3189 adit,
687 3145 750 3180 eum
765 3125 801 3180 de
813 3125 966 3196 patriarcha
987 3127 1155 3186 moniturus,
1182 3123 1257 3196 quud
1276 3139 1326 3176 ve-

238 3201 310 3266 rperi
327 3199 361 3250 ad
375 3201 606 3251 consecrationem
617 3203 746 3249 venturus
761 3198 813 3260 rit,
831 3205 859 3250 et
883 3214 936 3270 qua
956 3195 1023 3248 hora
1037 3195 1125 3266 iprum
1137 3193 1267 3248 advenire
1281 3195 1326 3244 in-

239 3267 320 3330 bear,
339 3278 429 3324 utrum
440 3269 557 3338 primum
576 3269 856 3336 ineeeleaiarnagna,
877 3277 1026 3336 portetque
1046 3267 1076 3318 ia
1093 3265 1195 3334 temple
1215 3265 1241 3316 S.
1261 3263 1326 3316 Ste-

237 3337 339 3405 phani,
359 3356 394 3388 an
408 3339 527 3406 primurn
544 3339 574 3388 in
589 3339 616 3394 S.
628 3337 778 3406 Stephani,
804 3336 904 3390 deiude
919 3337 954 3390 all
972 3352 1096 3404 magnam
1121 3335 1261 3388 eccleciam
1281 3349 1325 3384 re-

238 3422 339 3471 verrat,
359 3409 399 3459 ibi
413 3425 569 3460 consecrare
585 3409 700 3470 debeat,
719 3416 747 3459 et
768 3407 883 3458 rimrrlae
901 3409 1051 3475 Imperator
1065 3406 1249 3474 praeperitum
1264 3403 1323 3452 lua-

239 3479 319 3541 uerit,
344 3478 429 3530 mittit
446 3479 643 3529 cubicularium
665 3485 694 3528 et
712 3477 909 3540 silentiarium,
936 3485 966 3530 ut
991 3475 1173 3544 patriarcham
1194 3491 1225 3526 ea
1245 3472 1322 3534 laura,

239 3563 293 3614 qua
308 3548 337 3598 iel
354 3547 513 3616 imperatori
526 3547 614 3599 virum
627 3547 695 3608 suit,
718 3545 754 3596 ad
769 3548 1000 3598 consecrationem
1014 3553 1139 3598 arcerent
1178 3539 1322 3595 Sciendum

238 3625 289 3675 est,
309 3618 343 3668 ab
356 3617 399 3668 hia
417 3621 500 3671 etiam
511 3617 638 3688 sequenti
657 3617 702 3668 alie
718 3617 899 3684 patriarcham
916 3615 951 3668 ael
963 3615 1116 3668 convivium
1129 3612 1226 3667 vocari.
1260 3609 1320 3661 Ma-

237 3701 273 3734 ne
289 3688 318 3737 in
335 3689 429 3754 vigilia
449 3687 614 3740 mutationes
632 3704 688 3738 nen
701 3686 786 3749 liunt,
810 3705 898 3758 eaque
914 3686 949 3738 ad
967 3687 1060 3738 horam
1072 3700 1186 3746 nonam,
1206 3678 1257 3731 reli
1270 3693 1320 3730 eu·

236 3755 364 3806 hicelarli
380 3767 505 3822 mutant,
526 3767 558 3809 'et
573 3767 716 3828 postquam
734 3773 831 3824 magna
849 3759 961 3809 eceleaia
979 3756 1122 3808 lectionem
1137 3757 1259 3821 quatiam
1271 3756 1323 3802 tut

237 3826 361 3894 quintam
375 3829 507 3891 recitavit,
530 3827 697 3880 silentiarius
712 3827 797 3889 venit,
816 3835 844 3878 et
861 3826 1096 3884 cerimoniariunr,
1118 3821 1162 3871 hie
1176 3819 1319 3888 praeposi-

235 3902 310 3957 tam,
338 3900 509 3964 praepoaitue
532 3900 724 3968 imperatorem
748 3896 893 3964 admonet3
923 3897 970 3966 qui
994 3915 1042 3964 per
1063 3889 1158 3960 palatii
1185 3889 1319 3956 perticum

234 3980 340 4036 perque
360 3965 495 4034 daphnem
517 3978 545 4021 et
562 3979 721 4037 augusteum
739 3967 889 4034 digressus,
912 3966 1074 4017 'cubiculum
1093 3957 1215 4026 daphne·
1233 3975 1320 4028 prope

235 4036 367 4103 templum
382 4036 408 4087 S.
422 4037 554 4104 Stephani
567 4039 660 4102 intrat,
678 4037 742 4098 uhi,
758 4039 841 4108 ,aigne
854 4045 981 4104 acceptu,
1005 4030 1174 4102 praepositus
1193 4027 1320 4081 cacerdo-

235 4106 311 4157 tibur
328 4104 449 4157 divinant
474 4107 610 4174 liturgiam
627 4108 771 4175 intemplo
789 4107 815 4162 S.
831 4105 972 4172 Stephani,
993 4103 1040 4152 ubi
1056 4100 1222 4152 consecratio
1238 4115 1319 4168 pera-

235 4177 318 4242 gitur,
348 4172 477 4226 inchoare
510 4177 632 4244 imperat
668 4179 700 4228 In
711 4186 842 4244 augusten
856 4193 918 4226 vero
934 4182 962 4222 et
979 4169 1139 4223 consistorio
1150 4177 1253 4228 mertum
1268 4185 1320 4238 pa-

235 4246 310 4298 tricii
329 4245 487 4300 mutatoriae
506 4254 631 4316 aumuut3
660 4247 766 4301 nullum
787 4244 861 4299 caim
877 4242 997 4298 officiare
1015 4248 1125 4311 praeter
1142 4239 1271 4310 patriciae
1290 4246 1320 4293 et
