3125 4917
344 427 398 489 οι
425 421 619 490 casinen.
646 423 780 490 nosne
808 427 975 493 οιιιιιι.
1008 434 1047 494 ιι.
1070 436 1119 502 ιι.
1185 405 1263 493 56ι

201 593 276 650 τους
296 574 325 639 οἱ
344 577 509 657 βασιλικοὶ,
538 577 594 640 κατ’
613 568 675 639 ῶπό
695 577 757 641 τῶν
781 578 880 644 ἐκεῖσε
899 578 1084 647 ἱππεύουσιν
1108 582 1137 649 oi
1158 585 1271 650 δεσπό-

201 698 256 738 ται
275 673 331 739 καὶ
348 668 540 757 ἀπέρχονται
566 676 663 758 μέχρι
682 678 739 739 τοῦ
767 673 828 753 ἔξω
848 678 1044 763 προπυλαίου
1076 684 1134 746 ταῶ
1151 685 1197 759 εἷς
1216 681 1272 749 τόν

201 768 350 855 ἔμβολον,
378 774 434 835 κατ’
463 774 525 835 τῶν
553 772 657 837 ἳππων
682 773 781 838 ἐκεῖσε
810 774 997 859 ἅπαβοίιπες,
1026 774 1211 861 διέρχονται
1229 780 1270 845 τὰ

110 921 118 931 .
201 869 324 949 σκολέα,
345 869 400 934 sal
419 870 596 954 διέρχονται
616 867 670 933 διό
691 874 747 935 τοῦ
767 868 845 957 πρός
862 866 1016 959 ἀνατολὴν
1032 876 1137 954 δεξιοῦ
1154 864 1273 965 μέρους

182 968 259 1031 5τοῦ
278 969 442 1051 λουτῆρος.
483 968 581 1031 ἐκεῖσε
609 968 669 1053 γὰρ
693 971 836 1036 ἵστανται
865 975 921 1036 κατ’
941 973 1089 1056 δέχονται
1117 974 1190 1054 susle
1220 979 1273 1043 δε-

199 1059 317 1141 σπότας
336 1064 368 1129 οἵ
384 1087 419 1128 τι
431 1060 595 1149 μα’χιστροι
613 1066 669 1133 καὶ
689 1072 845 1154 πατρίκιοι
864 1069 921 1137 καδ
938 1071 967 1136 οδ
988 1072 1093 1140 λοιποὶ
1109 1083 1273 1161 συγκλητι-

199 1160 251 1226 κοὶ
269 1162 325 1226 και*
341 1165 497 1244 βασιλικοὶ
515 1154 693 1250 ἅνθρωποι,
724 1165 779 1231 sul
800 1165 860 1232 ἆπό
878 1171 939 1233 τῶν
959 1172 1058 1236 ἐκεῖσε
1078 1175 1294 1259 εἷοέρχονταιΒ

200 1257 229 1325 ai
250 1258 399 1325 δεσπόται
418 1262 463 1337 εἰς
484 1259 539 1327 τόν
559 1261 720 1351 νάρθηκα,
739 1267 795 1331 καί
813 1267 1072 1352 περιβαλλόμενοι
1091 1268 1130 1336 τὰ
1149 1297 1269 1358 χρυσο-

199 1358 395 1443 περέκλειοτα
414 1358 520 1443 σαχέα,
541 1353 692 1429 ἅπτουσιν
709 1361 824 1450 apporia
844 1365 961 1442 εἰςτὰς
977 1370 1143 1448 βασιλικῶς
1163 1370 1275 1447 πόλος.

163 1456 261 1523 torol
278 1456 398 1531 εδδέιυς
418 1454 614 1541 εἶσέρχονται
641 1463 695 1524 καί
714 1463 892 1545 διέρχονται
915 1462 969 1528 διδ
991 1465 1090 1545 μέσον
1116 1471 1175 1532 rosi
1195 1471 1275 1533 ναοῶ

200 1552 256 1617 scos*
273 1557 328 1637 τῆς
347 1550 504 1637 οοιλαέας,
525 1555 581 1621 κατ’
599 1554 694 1622 πόλιν
713 1554 864 1625 ἅπτουσιν
883 1558 997 1644 κρροδς
1015 1561 1075 1638 ἔξω
1094 1567 1157 1629 τῶν
1176 1561 1275 1648 ῶχέιον

198 1655 308 1738 θυρῶν
314 1702 325 1732 ,
351 1652 618 1736 καέ”ει’σέρχονται
639 1656 684 1727 εἰς
703 1654 739 1718 τό
761 1652 850 1735 ἅγιον
880 1657 1123 1743 θυσιαστήριον,
1154 1662 1209 1725 κατ’
1236 1665 1277 1725 si-

199 1751 372 1828 σπόζονται
389 1745 446 1832 τὴν
465 1746 599 1832 ένδυτὴν
620 1747 675 1812 καί
704 1746 762 1833 τήν
787 1751 846 1830 ποῶ
871 1752 1034 1837 μάρτυρος
1053 1756 1147 1837 δχέαν
1165 1759 1296 1841 κόραν,·

200 1848 256 1913 καί
274 1848 455 1930 διέρχονται
476 1844 530 1909 διδ
559 1848 616 1909 τοῦ
636 1844 714 1931 πρός
734 1844 889 1924 α’νατολὰς
918 1853 974 1912 τοῦ
993 1850 1132 1931 βήματος
1149 1848 1278 1938 οἷριστε-

165 1946 260 2032 ιὸροῶ
279 1946 418 2030 μέρους,
454 1942 509 2009 καδ
533 1945 568 2009 έν
596 1946 639 2031 τῷ
659 1945 757 2010 έκεῖοε
784 1947 957 2033 τιτρασέρρι
978 1947 1190 2033 εἰσέρχονται,
1226 1956 1281 2019 κατ’

199 2040 296 2109 πόλιν
310 2040 370 2106 sisso
385 2045 447 2105 τῶν
460 2040 568 2125 ἱερέων
586 2043 799 2127 προσφέρεται
814 2042 834 2128 ἦ
851 2041 925 2127 ἁγία
938 2042 1028 2129 κάρα,
1046 2049 1101 2111 κατ’
1112 2046 1207 2113 πόλιν
1219 2075 1279 2131 με·

200 2139 240 2206 τὰ
263 2142 366 2225 κιρρῶν
381 2136 443 2203 inl
461 2142 522 2206 τῶν
541 2140 695 2204 δεσποτῶν
710 2149 936 2225 προσκυνεῖται,
949 2140 1004 2205 sal
1016 2138 1068 2206 ἀπ’
1086 2145 1183 2230 αδτῆς
1197 2154 1307 2229 lupe-c

201 2236 351 2322 βόνουσιν
366 2233 455 2321 δόμον
471 2232 687 2323 ῶπομδρισμα,
719 2240 774 2301 καί
789 2241 970 2323 ἐξέρχονται
982 2241 1026 2316 εἰς
1041 2240 1075 2305 τδ
1094 2242 1220 2330 ε”ξόερον
1234 2247 1279 2322 εἰς

201 2334 236 2401 τὸ
247 2338 348 2402 ἐκεῖσε
368 2334 621 2420 α’ναδενδρόδιον,
646 2330 768 2399 κάκεῖσε
790 2335 1017 2416 σκεπαζόμενοι
1033 2341 1220 2421 ἐκβάλλουσι
1236 2342 1279 2408 τό

162 2432 431 2520 αοσκιτραμόγχια,
455 2433 510 2497 κατ’
527 2432 652 2514 solorra
672 2432 925 2515 περιβαλλόμενοι
945 2430 1205 2523 δποοτρέφσυσιν,
1226 2464 1278 2505 κε-

202 2531 347 2599 λεύουσιν
363 2528 502 2619 έφιπποι,
517 2535 614 2616 μέχρι
628 2533 684 2596 τοῦ
701 2530 1042 2615 suessionensium
1059 2539 1137 2616 πλοῖ,
1156 2532 1192 2602 δν
1204 2538 1280 2622 τρό-

202 2654 259 2696 πον
279 2633 444 2717 εἰρήκαμεν
463 2628 521 2715 τήν
540 2627 658 2695 τούτων
678 2622 798 2717 ἄφιξιν.
818 2632 930 2713 ἰστέον,
954 2624 1015 2715 δτι,
1035 2635 1112 2696 πλοῖ
1125 2633 1280 2719 ὑποστρε-

203 2729 325 2819 pissas
340 2733 402 2795 τῶν
417 2732 581 2814 δεσποτῶν,
601 2722 694 2807 όσους
711 2724 751 2795 δν
760 2724 947 2797 κελεόσιυσιν
960 2733 1204 2818 συνεστιαθῆναι
1216 2736 1280 2800 τῶν

201 2953 245 3005 ibi
263 2949 457 3004 descendentes
482 2966 517 3002 ex
539 2950 616 3022 equis
643 2948 799 3017 aseensiunt.
813 2966 862 3019 per
884 2952 997 3014 sesiam,
1027 2959 1055 3005 et
1072 2959 1213 3008 transeunt
1228 2972 1281 3025 per

202 3025 323 3082 dextram
342 3021 500 3073 orientalem
522 3021 626 3089 plagam
648 3020 743 3073 luteris
761 3037 808 3072 seu
833 3020 1003 3089 baptisterii,
1027 3021 1075 3072 ubi
1101 3042 1117 3075 a
1144 3026 1278 3094 magistris

203 3102 231 3147 et
250 3090 370 3160 patriciis
381 3090 548 3160 reliquisque
565 3090 706 3141 senatoriis
720 3098 748 3139 et
765 3091 951 3158 imperialibus
962 3089 1118 3145 hominibus
1136 3096 1280 3163 excipiun-

203 3171 256 3216 tur.
306 3161 387 3212 lltino
403 3158 551 3211 intrantia
574 3155 749 3223 narthecens5
779 3158 827 3209 ubi
850 3160 939 3211 induti
959 3177 1018 3228 saga
1042 3177 1091 3212 sua
1115 3179 1180 3215 auro
1202 3180 1231 3215 se
1251 3173 1279 3217 ta

204 3229 358 3284 aceenslunt
378 3245 468 3282 cereos
486 3228 515 3279 in
532 3236 610 3297 porta
629 3226 756 3289 basilica,
781 3242 868 3296 eoque
893 3228 988 3290 laeto,
1012 3227 1117 3279 intrant
1140 3228 1169 3282 ln
1189 3248 1205 3282 e
1247 3250 1279 3285 e-

204 3302 289 3365 siam,
306 3306 448 3354 transeunt
468 3315 517 3367 per
543 3313 624 3350 naum
641 3302 670 3349 et
691 3312 740 3365 per
757 3295 880 3359 soleam,
903 3313 994 3349 rursus
1011 3297 1162 3351 aeeentlunt
1185 3318 1278 3356 cereos

205 3387 295 3424 coram
312 3370 410 3423 sanetis
431 3367 553 3429 loribus,
571 3366 674 3419 intrant
690 3366 720 3418 in
739 3364 952 3432 thysiasterium,
975 3368 1129 3420 osculantur
1152 3369 1278 3437 enslytasn
1332 3377 1337 3400 '

206 3450 235 3495 et
253 3450 374 3494 sanetum
391 3438 513 3505 martyris
531 3443 625 3505 σαροῖ,
649 3444 707 3487 tum
726 3442 868 3488 transeunt
890 3453 939 3505 per
962 3436 1098 3488 sinistram
1118 3437 1280 3494 orientalem

204 3512 310 3583 plagam
334 3508 447 3562 bematis
466 3516 494 3560 et
513 3507 617 3559 intrant
641 3506 670 3556 in
688 3514 863 3568 tetraserum,
885 3501 1018 3576 quodibi
1047 3513 1090 3558 est
1107 3505 1164 3580 {seu
1181 3510 1278 3563 cellam

206 3590 323 3653 quatuor
343 3580 408 3631 seris
429 3574 580 3647 munitaml.
622 3574 690 3627 lllue
706 3574 773 3643 ipsis
799 3574 890 3627 denuo
908 3581 1097 3645 praesentatur
1117 3594 1134 3628 a
1153 3581 1281 3634 sacerdo·

206 3649 280 3702 tibus
300 3659 390 3701 sancta
412 3664 472 3699 eura
497 3664 543 3698 seu
561 3654 683 3697 sanetum
702 3653 796 3713 cuput3
821 3643 895 3715 quod
915 3645 1026 3697 Domini
1042 3662 1133 3699 rursus
1157 3665 1218 3701 eum
1237 3667 1283 3702 ne·

206 3720 293 3773 eensis
311 3722 396 3773 cereis
414 3718 540 3781 adorant,
555 3724 582 3768 et
601 3714 636 3765 ab
658 3716 716 3784 ipso
735 3712 873 3782 accipiunt
884 3724 1005 3767 sanetum
1024 3718 1204 3784 apomyrisma
1233 3737 1282 3773 sen

209 3788 389 3844 destillantem
409 3804 495 3840 rorem
518 3784 668 3837 sanctitutis
688 3783 869 3856 unctuosuml.
907 3784 977 3836 Tum
996 3794 1098 3837 exeunt
1134 3805 1163 3839 er
1182 3796 1282 3842 atrium

208 3861 238 3911 ln
255 3857 487 3910 anadendradium
506 3852 694 3926 {quincuncem
713 3871 760 3905 seu
787 3853 971 3926 arlsosetuml,
997 3855 1075 3975 ρυοδ
1100 3804 1141 3909 ili
1167 3866 1228 3919 est,
1253 3868 1283 3911 et

208 3928 259 3981 snb
283 3927 427 3982 testudinis
446 3924 549 3977 ambitu
569 3932 670 3976 exuunt
687 3922 888 3993 scaramangia,
913 3932 941 3974 et
965 3922 994 3974 iu
1017 3932 1085 3987 nunt
1107 3924 1231 3989 colobia,
1254 3936 1283 3981 et

209 3998 240 4051 in
269 3998 320 4050 hoe
342 4005 472 4066 apparatu
495 4002 667 4047 revertuntur
686 3993 714 4044 in
742 3994 887 4061 palatium,
914 3993 970 4045 sive
995 3993 1024 4044 in
1051 3993 1146 4061 equis,
1171 3996 1229 4048 sire
1253 4000 1283 4051 in

211 4066 354 4133 slromone3
372 4066 445 4136 quosl
467 4067 601 4135 posterius
619 4064 642 4115 sl
659 4064 720 4124 fiat,
740 4060 835 4115 eodem
851 4060 931 4114 modo
954 4064 985 4113 lit
1008 4061 1038 4114 ln
1054 4061 1141 4128 abitu,
1157 4072 1239 4136 atque
1254 4070 1284 4119 iu

211 4136 327 4189 adventu
344 4138 447 4189 slictssm
466 4135 526 4186 suit
563 4134 591 4186 Si
610 4148 658 4203 per
678 4132 768 4184 sinum
794 4132 874 4181 maris
901 4131 1014 4184 Domini
1037 4142 1220 4197 revertantur,
1238 4137 1283 4187 in-

210 4212 285 4258 trant
309 4206 429 4277 ipsorum
449 4222 483 4256 ex
504 4203 631 4256 mandato
646 4202 676 4255 in
700 4200 856 4255 dromonem
871 4201 953 4253 simul
976 4218 1036 4253 cum
1057 4204 1123 4271 ipsi's
1149 4207 1286 4275 quotsuot

212 4277 265 4349 ipsi
282 4277 419 4330 voluerint
442 4274 624 4345 iusserintque
645 4288 785 4341 procerum
811 4285 843 4322 eo
870 4267 915 4323 die
935 4286 1025 4324 secum
1047 4274 1160 4342 eputari.
1234 4292 1284 4328 eu·

248 4381 446 4437 &meminus
461 4374 592 4449 Porphyr.
620 4376 677 4429 Vol·
694 4374 718 4426 Ι.
1056 4374 1090 4428 36
1187 4432 1191 4438 ,
