3125 4917
566 306 883 375 reserationis.
1194 318 1278 379 XXV

186 460 373 543 secernendi,
393 482 487 545 qnam
508 459 647 524 solertiae
674 464 878 526 recentiorum
904 459 1061 524 debemus.
1114 460 1280 526 Adscribe-

187 560 263 623 bent
290 560 439 623 librorum
466 572 605 624 veterum
633 562 766 623 iuniores
798 581 984 644 possessores
1011 564 1045 621 in
1066 562 1277 645 marginibus,

188 680 269 742 quac
297 658 431 741 vellent3
460 680 496 721 ea
522 658 638 721 librarii
666 671 764 721 aetate
778 656 974 743 posteriores
1003 661 1035 720 in
1055 661 1136 742 ipsos
1164 661 1282 722 codices

188 758 306 841 absque
325 758 390 821 ulla
408 758 600 820 distinctione
618 758 836 838 inferciebant,
870 770 901 820 et
922 759 1135 842 exspectabant
1155 760 1282 821 lectores

197 868 252 919 ant
270 868 334 919 tam
354 878 477 920 securos
497 868 528 918 et
546 859 668 939 ignaros
687 878 792 919 rerum
811 860 962 937 omnium,
982 870 1018 920 ut
1037 859 1177 941 scopulos
1197 860 1283 921 cliro-

192 954 349 1039 nologicos
377 956 494 1039 absque
514 955 680 1019 offensione
698 960 922 1040 praeterirent3
951 969 1008 1019 aut
1034 961 1060 1021 si
1080 980 1157 1042 quos
1176 960 1283 1019 nanci-

189 1068 349 1117 scerentur
370 1056 513 1117 acutioris
532 1078 657 1135 sensus,
685 1056 909 1139 persuadebant
935 1056 1013 1138 sibi,
1034 1079 1085 1119 eos
1106 1057 1211 1138 facile,
1233 1055 1283 1120 vel

191 1174 256 1215 non
276 1153 464 1235 admonitos,
485 1166 656 1217 asmmenta
677 1154 776 1217 aliena
797 1176 861 1217 esse
880 1158 1049 1238 agnituros.
1078 1157 1208 1217 Veniam
1227 1177 1285 1239 po-

191 1260 272 1313 terat
287 1274 323 1313 ea
337 1252 512 1335 simplicitas
526 1256 677 1336 invenire,
697 1257 723 1318 si
738 1258 820 1317 intra
835 1274 903 1317 eam
915 1255 1130 1335 substitissent,
1151 1259 1287 1339 quitum

191 1362 292 1431 mant,
314 1350 462 1414 librorum
481 1358 742 1417 corsareinatores
762 1367 794 1417 et
813 1354 942 1417 librarii.
987 1354 1032 1417 At
1051 1354 1096 1417 illi
1115 1353 1212 1415 multo
1232 1374 1288 1435 pe·

191 1450 271 1511 iore.
314 1450 588 1515 Transseribcbant
608 1453 706 1515 aliena
725 1456 838 1535 scripta
866 1454 1063 1530 verbotenus,
1085 1452 1237 1513 addebant
1254 1454 1289 1513 in

190 1546 251 1610 fine
272 1569 382 1631 parum
402 1549 518 1632 aliquid
539 1550 578 1612 de
598 1572 677 1631 suo,
709 1550 842 1633 denique
861 1551 1067 1633 praefigebant
1095 1572 1208 1611 nomen
1229 1562 1284 1612 aut

189 1669 293 1729 mum,
314 1659 369 1710 aut
388 1648 472 1731 quod
494 1648 620 1731 vellent,
642 1662 673 1713 et
701 1649 833 1733 agebant
860 1651 893 1711 in
913 1650 1030 1711 litteras
1050 1648 1209 1710 latrocinia
1229 1650 1288 1709 iin-
1387 1700 1399 1716 ,

188 1766 284 1829 pune,
304 1756 450 1830 tantaque
478 1750 642 1823 securitate
668 1760 699 1810 et
727 1748 930 1833 impudentis,
957 1760 1025 1827 aut,
1044 1750 1070 1810 si
1091 1750 1201 1828 mavis,
1223 1758 1289 1809 stu·

188 1866 278 1928 pore,
299 1856 335 1907 ut
355 1844 428 1909 finti
448 1848 620 1935 veterisque
640 1846 757 1909 domini
777 1846 891 1909 indicia
917 1869 981 1909 non
1002 1847 1156 1909 tollerent.
1197 1845 1290 1925 Quod

190 1944 363 2007 luculenter
382 1957 523 2029 testatur,
552 1969 592 2009 ne
612 1946 673 2011 alia
699 1947 866 2031 proferam,
888 1946 1039 2009 indiculus
1068 1948 1292 2029 imperatorum

194 2042 394 2105 GPtanorum
411 2066 431 2105 a
450 2046 613 2107 Lambecio
633 2047 673 2108 ad
694 2046 847 2110 Codinum
862 2046 920 2109 sub
934 2047 1027 2109 liuius
1039 2047 1164 2119 nomine
1178 2044 1290 2106 adibis·

276 2139 306 2225 ς.
329 2140 361 2203 5.
411 2143 462 2203 De
489 2142 643 2203 exhibitis
676 2148 711 2205 in
739 2148 801 2209 boe
829 2146 1012 2219 columine,
1035 2157 1067 2207 et
1087 2146 1123 2205 in
1143 2156 1290 2205 secuturo

193 2240 396 2304 exhibendis.
438 2240 625 2303 Praefationi
644 2240 761 2303 subieci
784 2242 826 2303 cl.
841 2243 1015 2302 Decessoris
1029 2244 1090 2301 mei
1105 2241 1293 2301 dissertatio-

193 2362 267 2403 nem
286 2340 326 2401 de
346 2342 545 2403 Constantino
556 2330 863 2422 Porphyrogennetm
877 2342 1008 2423 quamis
1025 2360 1106 2401 anno
1128 2336 1209 2423 1746
1228 2336 1293 2399 edi-

190 2440 251 2503 dit.
305 2440 409 2501 Vitam
436 2449 558 2501 enarmt
578 2438 773 2521 Imperatoris
793 2436 833 2498 ab
853 2458 960 2500 amore
982 2448 1013 2499 et
1040 2437 1147 2499 studfis
1176 2436 1293 2498 littere-

193 2561 266 2601 raim
286 2537 515 2602 celebratissimi
534 2558 613 2621 pura
634 2549 664 2601 et
685 2536 814 2621 eleganti
835 2537 980 2614 dictione,
1001 2548 1147 2620 grataque
1166 2547 1198 2599 et
1217 2556 1293 2598 oon-

194 2641 287 2700 cinna
304 2638 467 2717 brevitate,
488 2638 646 2721 bonaeque
670 2635 1046 2722 [iugisobservationibus
1061 2637 1149 2697 nitet.
1191 2636 1423 2715 Quamuis!

193 2736 237 2798 el.
253 2734 390 2819 opusculi
407 2737 525 2798 Auctor
538 2737 570 2797 in
585 2736 644 2799 line
664 2738 816 2820 promittit
837 2736 1093 2815 dissertationem,
1116 2733 1202 2798 velut
1222 2734 1293 2796 alte·

194 2857 263 2897 ram
293 2840 458 2919 praesentis
485 2847 620 2922 partem,
640 2837 679 2898 de
703 2838 895 2899 Constantini
922 2836 1042 2919 scriptis
1074 2845 1104 2897 et
1124 2837 1157 2895 in
1177 2833 1294 2899 litteras

192 2938 333 3017 metitis,
362 2958 430 3000 eam
457 2938 490 2999 in
511 2937 575 3000 cius
596 2935 715 2999 schedis
740 2938 875 3018 reperire
894 2957 958 2998 non
976 2936 1062 3018 potui
1083 2934 1290 2997 elaboratam:

192 3046 384 3118 quapropter
402 3036 552 3097 sarciendi
584 3035 719 3097 desectus
732 3068 733 3073 1
748 3038 846 3119 gratia
873 3034 1069 3097 decreveram
1102 3032 1297 3116 particulam,

195 3154 277 3214 quae
295 3134 377 3197 idem
405 3143 617 3217 argumentum
637 3138 819 3217 exsequitur,
839 3156 857 3195 e
877 3134 926 3195 cl.
948 3135 1088 3196 Fiaaicu
1109 3132 1298 3195 bibliotheca

195 3230 314 3292 Graeca
334 3244 481 3317 repetere.
530 3232 591 3294 Sed
617 3253 713 3315 quum
734 3233 814 3294 liber
832 3236 866 3294 in
885 3235 1023 3295 omnium
1037 3255 1130 3294 manu
1150 3235 1202 3311 sit,
1223 3232 1296 3292 satis

198 3338 247 3391 est
269 3328 341 3391 illuc
364 3333 490 3415 cupidos
511 3330 662 3415 ablegare.
703 3332 822 3413 Repetii
838 3342 942 3393 tamen
961 3331 1033 3391 inde
1052 3333 1192 3408 notitiam
1206 3328 1299 3392 huius

199 3426 323 3491 Codicis
341 3428 381 3489 ab
394 3431 599 3494 Uffenbaclaio
611 3430 778 3505 conditam.
820 3430 965 3513 Sequitur
978 3428 1032 3490 illa
1044 3430 1209 3512 praemissa
1234 3431 1299 3511 ipse

199 3530 320 3613 primus
350 3525 593 3601 Constantiniani
614 3532 735 3593 Codicis
758 3527 970 3592 Cerimonialis
998 3527 1089 3608 liber,
1110 3550 1181 3589 cum
1203 3530 1298 3601 inter-
1345 3602 1348 3607 ι

200 3629 375 3713 pretatione
403 3628 536 3709 primum
564 3629 688 3713 quidem
717 3630 895 3709 Leichians,
926 3648 1006 3712 quae
1035 3649 1133 3711 usque
1161 3626 1202 3688 ad
1228 3648 1299 3711 pag.

200 3748 263 3791 aai
292 3725 448 3809 procedit3
470 3725 581 3789 deinde
600 3750 675 3790 vero
695 3751 763 3791 mea
783 3750 880 3812 usque
901 3729 1064 3790 adfinem.
1106 3726 1221 3789 Addidi
1235 3727 1301 3809 pri-

201 3846 256 3888 mo
285 3825 365 3888 libro
394 3823 479 3886 velut
498 3825 695 3906 appendicem
728 3828 782 3889 illa
801 3838 963 3911 praecepta
990 3827 1145 3906 militaria,
1168 3824 1300 3910 quaein

203 3924 310 3986 codice
329 3936 434 3987 nostm
455 3926 662 4006 manuscripto
682 3926 804 3989 initium
823 3927 963 3989 facientia
983 3948 1038 4009 per
1057 3927 1171 4009 primm
1186 3921 1298 4003 viginti

202 4021 397 4085 metnbranns
430 4022 642 4085 dccmrebuut.
685 4024 849 4089 Potueram
869 4048 937 4088 eam
964 4023 1146 4108 particulam
1166 4016 1300 4080 secundo

202 4118 285 4183 libro
306 4122 488 4207 subimiqere
499 4146 509 4207 5
533 4122 586 4186 aad
607 4122 776 4189 cavendum
805 4124 880 4187 mihi
901 4136 986 4205 erat,
1014 4146 1054 4186 ne
1073 4120 1222 4205 posterius
1243 4136 1300 4179 vo-
