3125 4917
451 1083 1116 1161 10.1tc.nn1s1s11

326 1243 1240 1341 PRAEFATIONES.

416 1701 498 1769 AD
554 1703 803 1767 TOMUM
858 1699 1152 1765 PRIMUM.

235 1892 364 2019 Quum
384 1972 433 2031 es,
454 1954 626 2038 dequibus
647 1956 805 2017 admoneri
825 1952 963 2014 firtnrusn
981 1951 1073 2014 huius
1094 1949 1166 2013 libri
1185 1949 1441 2018 latomenus

236 2052 283 2114 fus
301 2062 366 2131 est,
385 2063 432 2115 tot
449 2054 510 2115 sint
528 2074 656 2115 numero
679 2064 709 2115 et
730 2062 873 2113 enarratu
888 2062 952 2113 turn
974 2050 1088 2135 ampla,
1109 2060 1145 2111 nt
1164 2070 1239 2127 una,
1261 2072 1329 2113 mo-

234 2150 304 2213 dion
324 2162 408 2213 oerte
428 2152 554 2230 futura,
574 2153 786 2214 dissertatione
806 2149 1022 2235 comprehendi
1043 2158 1217 2231 nequeant,
1237 2147 1329 2213 alise·

235 2270 297 2331 que
315 2249 472 2333 praeterea
491 2261 596 2313 vetent
616 2252 749 2312 rationes
766 2252 892 2327 omnin,
915 2268 995 2332 quae
1017 2250 1050 2308 in
1069 2264 1213 2330 promptu
1236 2260 1328 2329 sunt,

235 2346 327 2408 simul
358 2348 536 2411 effundere:
569 2351 671 2411 visum
700 2358 745 2409 est
764 2367 889 2431 operam
910 2348 1042 2429 partiri.
1070 2354 1102 2407 et
1124 2344 1184 2407 hoe
1203 2346 1329 2429 quidem

235 2442 305 2505 loeo
323 2453 443 2506 tanturn
467 2445 507 2505 de
526 2446 596 2507 satis
615 2446 733 2523 huius,
754 2446 839 2527 quod
861 2466 945 2505 nuno
972 2442 1094 2526 prodit,
1121 2445 1223 2527 operis
1243 2444 1329 2507 con-

234 2543 410 2605 stantiniani
428 2586 439 2620 ,
460 2544 535 2605 item
554 2543 595 2605 de
619 2542 702 2604 illius
730 2552 933 2626 argumento,
958 2540 1049 2602 tituto
1069 2552 1100 2603 et
1119 2553 1244 2605 aucune
1262 2542 1327 2606 dis-

231 2661 356 2721 sem3
373 2640 463 2703 alteri
482 2652 586 2703 autem
605 2640 754 2703 vohunini
775 2662 846 2703 mox
861 2652 1003 2703 secuturo
1023 2637 1141 2723 reliqua
1157 2662 1326 2722 reservare,

232 2739 272 2802 de
290 2740 403 2823 quibus
422 2742 640 2823 expositionem
660 2740 810 2828 praefatio
829 2739 936 2801 lectori
957 2739 1058 2803 debet.

314 2835 344 2919 S.
372 2855 401 2897 t.
442 2836 492 2897 De
503 2833 592 2919 satis
613 2840 705 2898 tutus
725 2840 841 2920 operis.
869 2838 959 2921 Opus
977 2849 1043 2900 tum
1061 2841 1172 2903 scitum
1191 2852 1222 2903 et
1237 2839 1324 2919 utile,

231 2948 325 3019 utque
345 2933 404 2996 hoe
424 2943 482 3015 est,
501 2935 635 3018 potuisse
654 2954 710 3017 per
730 2945 777 2997 tot
797 2934 917 2995 saecula
935 2941 1119 3018 scriptorum
1137 2940 1326 3005 Greeoorum

230 3035 490 3116 latinorumque,
517 3041 669 3115 quotquot
697 3030 737 3093 ab
765 3035 831 3094 eius
857 3030 1011 3095 natalibus
1038 3036 1110 3096 inde
1135 3036 1323 3118 claruerunt,

231 3136 369 3195 omniurn
395 3136 536 3195 notitiam
558 3131 712 3216 effugere,
743 3133 881 3218 proiecto
910 3136 1024 3196 mirum
1051 3144 1120 3212 est,
1146 3140 1324 3217 praesertim

231 3233 265 3293 in
291 3234 355 3294 acri
382 3230 464 3313 itta,
493 3252 555 3315 qua
583 3234 723 3315 superius
752 3230 906 3296 saeculum
939 3232 1101 3312 fervebat,
1130 3233 1325 3317 indagatione

229 3328 405 3393 mmmmm
433 3332 473 3391 ad
502 3331 702 3415 Byzantium
729 3331 887 3393 historiam
915 3334 1144 3415 pertinentium.
1199 3333 1323 3398 Primus

229 3440 331 3491 autem
346 3431 520 3493 Zscunrus
542 3430 705 3492 Connaws
727 3431 973 3512 Urreuucuws,
994 3433 1050 3495 Rei
1065 3432 1205 3516 publicae
1220 3434 1323 3495 Fran·

228 3528 404 3591 oofurtanae
424 3530 464 3591 nd
489 3530 635 3591 Moenum
661 3529 816 3612 qnondam
841 3529 989 3593 scabinus
1009 3544 1040 3593 et
1059 3530 1254 3609 Consularis,
1282 3531 1322 3593 li-

227 3625 320 3690 brum
339 3628 420 3690 huno
440 3631 472 3690 in
490 3629 602 3691 famam
623 3631 729 3706 misit,
758 3631 823 3689 eius
843 3633 983 3695 notitiam
1011 3629 1152 3710 edendo,
1181 3650 1261 3711 quae
1286 3651 1322 3693 ex

230 3724 369 3789 celeber.
398 3728 538 3790 Fusrrcu
566 3727 753 3795 Bitttsstec.
781 3726 904 3791 Graec.
945 3728 1045 3791 Tomo
1062 3726 1123 3791 V1.
1154 3726 1279 3790 inferius
1302 3752 1322 3790 a

228 3829 342 3889 nostris
360 3830 462 3911 operis
481 3836 645 3911 repetetur.
688 3826 736 3888 Ex
759 3824 955 3888 Uffenbachii
975 3815 1164 3909 possessione
1183 3831 1323 3912 pervenit

227 3926 263 3987 in
287 3924 507 3989 Bibliothecarn
527 3926 635 4009 ampl.
656 3926 786 3987 Senatus
809 3926 895 3987 urbis
916 3936 1064 4006 nostrae,
1091 3948 1172 4010 qtme
1197 3930 1321 4012 optimis

225 4027 312 4087 libris
328 4025 617 4090 insumendum
630 4024 816 4087 nostratibus
831 4045 943 4107 magno
955 4028 1025 4086 usui
1046 4038 1104 4089 est.
1131 4028 1179 4091 lta
1192 4030 1319 4103 iactum,

174 4126 178 4136 '
224 4132 261 4184 ut
281 4122 494 4209 Amplissimos
513 4126 712 4202 Mnsoovrus,
739 4124 804 4184 eius
832 4122 1024 4207 praefectus,
1056 4124 1101 4187 10.
1125 4127 1223 4191 flers.
1243 4131 1318 4202 Ler-

225 4241 349 4305 curun,
383 4244 483 4309 nuper
506 4226 540 4288 in
568 4223 735 4288 Aoedemia
767 4232 872 4286 nostra
899 4218 1118 4307 elegantiorum
1147 4224 1316 4291 litterarum
