3125 4917
224 346 310 407 xxtt
596 342 650 404 10.
681 342 761 407 mc.
793 346 944 409 RElSllll

309 494 391 579 §.mi
442 496 492 559 De
520 510 654 560 auctore
675 498 761 563 libri.
814 502 888 564 Fuit
910 501 1067 584 hocopus
1090 500 1317 584 hactenns,ex

225 597 285 660 sule
302 594 547 657 membranarum
566 609 752 679 nostrarum,
774 598 818 662 illi
837 602 1037 663 Constantino
1052 601 1319 687 Porphymgenne·

225 707 281 775 to,
315 696 424 757 Leonis
451 696 602 778 Sapientis
623 697 705 779 filio,
728 699 832 762 Basilii
857 700 1035 765 Macedonis
1064 703 1302 784 nepoti,tribu

226 796 412 874 tum-cuins
446 798 527 857 inter
548 796 654 859 doctos
684 811 870 883 purpuratos
898 821 1009 883 magna
1042 800 1109 873 leus
1143 811 1174 863 et
1201 801 1321 865 celebre
1375 874 1378 879 ¹
1451 862 1454 866 ,

226 916 337 957 nemen
353 905 411 974 est,
432 906 463 957 et
477 899 527 958 cui
547 897 608 963 alia
625 920 747 983 quoque
760 903 873 983 ingenii
887 900 1094 973 industriacye
1110 911 1321 979 mnummta,

226 1004 274 1073 ut,
294 1006 415 1077 praeter
435 996 528 1058 modo
549 996 706 1060 laudatum
726 1003 882 1081 geminum
903 1022 994 1083 opus,
1016 1000 1096 1061 liber
1116 999 1157 1063 de
1176 1000 1322 1061 themati-

225 1092 297 1172 bus,
318 1094 396 1155 alius
412 1096 452 1157 de
472 1098 536 1157 vita
552 1096 676 1175 Basilii,
699 1101 772 1159 item
795 1100 835 1161 de
855 1102 987 1183 imagine
1003 1100 1158 1161 Edessena
1175 1098 1321 1177 libellus,

226 1195 429 1276 imputantur.
471 1194 541 1279 Ego
559 1216 657 1275 vero,
686 1218 782 1279 quum
801 1201 834 1258 in
849 1198 909 1259 boc
927 1210 1052 1278 nostro,
1072 1210 1108 1260 ut
1128 1198 1317 1273 inatribitur,

226 1292 424 1375 syntagmate
449 1295 621 1357 invenirem
645 1295 729 1358 haud
765 1318 884 1379 pauca,
906 1300 992 1375 eius,
1018 1318 1111 1379 quem
1133 1298 1208 1376 dixi,
1238 1297 1323 1360 Con-

232 1393 358 1454 stantini
380 1411 501 1455 excessu
520 1398 701 1477 posteriora,
721 1416 785 1459 nou
806 1400 937 1480 margini
955 1407 1068 1477 amata,
1088 1397 1142 1458 sed
1163 1397 1203 1458 ab
1217 1395 1325 1458 eadem

228 1512 323 1553 manu
334 1534 345 1571 ,
368 1512 449 1574 quae
478 1504 578 1555 cama
600 1498 701 1555 omnia
722 1500 870 1577 exaravit,
890 1517 953 1559 uno
971 1496 1117 1558 codtinuo
1130 1494 1182 1557 iilo
1198 1499 1323 1557 intexta:

227 1592 316 1675 coepi
335 1591 375 1653 de
391 1600 516 1654 auctore
538 1592 659 1675 fideque
677 1596 895 1676 inscriptionis,
913 1606 943 1657 et
960 1594 1096 1679 vulgum
1110 1595 1209 1657 iamne
1225 1594 1327 1657 ambl-

230 1710 315 1774 gere.
356 1689 435 1752 Sunt
456 1703 559 1754 autem
584 1690 655 1753 illae
671 1691 934 1753 characteristieae
959 1703 1133 1775 temporum
1156 1705 1248 1755 notae
1267 1692 1327 1754 bae

230 1791 426 1873 preecipuee.
468 1788 579 1851 inille
603 1792 715 1873 capite,
738 1788 824 1875 quod
847 1800 1046 1853 monumenta
1061 1789 1241 1873 sepulcralia
1262 1791 1327 1851 lm·

231 1900 410 1974 peratortmr
431 1886 629 1950 CPtanorum
646 1899 823 1971 percenset,
846 1890 903 1972 (cst
918 1888 953 1949 id
967 1886 1040 1951 libri
1053 1888 1185 1971 mundi,
1195 1888 1327 1972 pindra-

232 1991 382 2072 gesimum
405 1986 583 2069 seeundum)
602 1990 736 2050 occurrit
764 1986 848 2049 illius
874 1989 970 2073 ipsius
994 1990 1207 2066 Conamntini,
1236 2008 1328 2072 φιειιι

232 2085 323 2152 licent
338 2088 497 2151 doctrinae
523 2090 619 2172 gretia
633 2088 808 2171 Sapientem
834 2087 875 2149 ed
896 2090 992 2170 patris
1014 2089 1126 2152 Leonis
1159 2084 1330 2171 exemplum

233 2188 397 2272 appellare,
417 2210 495 2251 urna
516 2210 586 2249 cum
602 2186 662 2248 boc
687 2187 806 2272 elogio:
829 2178 975 2267 Λᾶρνοξ,
991 2185 1027 2251 ἐν
1049 2175 1331 2274 pldndxetrutdi·

235 2308 281 2349 ων
300 2321 318 2338 -
337 2322 355 2336 -
372 2282 433 2350 nir
463 2285 507 2371 τῷ
529 2281 590 2371 υἱῷ
613 2287 864 2373 Kmrornvrtip,
885 2277 1017 2369 ὕστερον
1031 2281 1266 2369 τελευτήσαντι,
1286 2306 1330 2371 rp

235 2382 531 2471 Iloppvpoyevvp'rp
543 2434 553 2466 ,
585 2383 702 2460 Urna,
732 2386 767 2447 in
802 2406 867 2469 qua
897 2389 984 2449 iacet
1005 2386 1070 2449 Leo
1091 2421 1106 2435 -
1128 2420 1146 2438 ·
1167 2407 1237 2450 cum
1246 2386 1330 2472 filie

235 2486 445 2549 Constantino
466 2486 789 2572 Porphyrogenncto,
812 2485 869 2569 qut
888 2486 1037 2570 deinceps
1056 2499 1198 2549 manuus
1220 2486 1332 2567 (idest

234 2586 327 2669 longo
341 2597 479 2669 ternpore
492 2588 705 2670 postpositum
720 2588 799 2669 patri
809 2594 1040 2647 monumentum
1050 2588 1113 2648 vita
1124 2585 1285 2648 defunctus
1299 2596 1331 2647 et

235 2707 268 2747 m
289 2697 450 2769 paternum
473 2684 628 2747 tumulum
646 2683 757 2765 illatus)
768 2682 852 2767 suit.
903 2676 1035 2765 Aliquot
1052 2687 1216 2746 interiectis
1233 2686 1331 2747 versi-

233 2784 293 2847 bus
318 2796 506 2848 memoratur
526 2785 649 2864 Basilii,
670 2784 763 2867 vulgo
793 2782 1007 2867 Bulgaroctoui
1035 2784 1122 2864 dicti,
1149 2804 1331 2845 monumne-

175 2964 177 2969 .
235 2895 317 2965 tum,
338 2888 392 2970 qui
412 2885 493 2948 lilius
507 2886 636 2948 Romani
651 2886 791 2965 iunioris,
820 2904 916 2966 nepos
934 2904 1027 2965 supra
1050 2881 1124 2943 dicti
1140 2882 1331 2943 Constantini

235 2984 400 3067 Sapientis,
426 3006 506 3047 anuo
526 2997 596 3069 post
611 2988 661 3046 avi
680 2984 799 3045 obitum
814 2981 998 3062 sexagesimo
1016 2980 1124 3061 quinto
1140 2982 1219 3040 vivis
1230 3000 1331 3042 exces-

237 3086 289 3147 sit.
332 3083 471 3146 Tandem
486 3106 610 3166 quoque
635 3085 735 3165 cupite
764 3090 847 3141 sexto
863 3089 895 3139 et
913 3080 1109 3163 nonagesimo
1131 3078 1223 3161 primi
1245 3075 1330 3157 libri,

236 3202 291 3244 seu
306 3184 415 3266 quinte
436 3192 468 3243 et
486 3184 663 3258 centesimo,
688 3178 854 3241 secundum
873 3177 1120 3240 membranerum
1139 3186 1330 3261 computum,

236 3293 393 3360 narratur,
414 3280 490 3365 quid
512 3280 554 3342 A.
576 3281 611 3342 C.
630 3278 692 3363 965
712 3300 730 3340 u
746 3298 851 3341 mense
863 3278 978 3342 Mutia
991 3298 1088 3363 usque
1102 3277 1142 3339 ad
1156 3275 1331 3360 Augustum

122 3454 126 3459 ¹
237 3380 272 3442 in
295 3378 348 3440 illo
367 3384 540 3465 interregno
569 3380 741 3462 eontigerit,
763 3378 847 3463 quod
864 3378 996 3440 llornani
1015 3378 1144 3441 iunioris
1164 3394 1330 3453 excessum,

239 3489 272 3539 et
300 3478 463 3561 Niceplrori
480 3481 605 3543 Phocae
631 3479 825 3563 tyrannidem
841 3478 1022 3557 intercedit,
1046 3486 1077 3537 et
1106 3495 1168 3558 qua
1188 3475 1240 3537 bic
1263 3492 1332 3535 eam

238 3577 359 3638 ratione
373 3580 525 3642 invaserit.
566 3584 649 3642 Hace
671 3600 752 3641 anno
773 3588 844 3661 poet
862 3576 1014 3658 Sapientis
1030 3574 1220 3637 Constantini
1230 3590 1331 3633 exces-

89 3696 164 3755 m,
172 3694 310 3751 ymnum
333 3688 441 3758 quarto
457 3683 659 3763 contigerunt.
702 3679 812 3739 Palam
826 3678 919 3757 igitur
939 3686 996 3754 est,
1018 3673 1092 3737 baec
1110 3674 1150 3737 ab
1171 3673 1226 3735 illo
1238 3669 1330 3732 scribi

237 3790 268 3841 ct
288 3780 319 3838 in
339 3776 502 3859 syntagma
524 3801 612 3839 suum
632 3778 737 3838 inferri
756 3794 821 3835 non
844 3778 989 3856 potuisse.
1038 3773 1122 3853 Quid
1141 3790 1215 3853 erge
1234 3779 1329 3831 stam-

239 3877 375 3939 endum?
417 3876 524 3936 Unum
548 3886 684 3957 superest
708 3884 760 3934 aut
776 3873 906 3935 alterum
925 3886 1068 3937 statuere:
1091 3875 1156 3933 sive
1181 3870 1329 3931 iuniorem

238 3980 474 4041 Constantinum
483 3974 959 4057 Porplryrogcnneturn,Romani
969 3976 1077 4049 filiurn,
1093 3969 1326 4053 SapientisCon-

237 4079 359 4138 stuntini
393 4086 552 4160 nepotem,
575 4078 675 4156 operis
699 4076 794 4135 nostri
817 4086 970 4137 auctorem
998 4094 1074 4149 esse,
1095 4073 1145 4131 cui
1175 4068 1326 4130 ademtunt

234 4172 376 4241 librarius
394 4198 450 4260 prr
468 4196 601 4239 errorem
622 4196 679 4237 avo
695 4174 845 4238 tribuerit:
868 4186 921 4237 aut
937 4196 1000 4235 esse
1021 4173 1144 4255 quidem
1168 4172 1229 4230 cius
1244 4170 1326 4229 Con-
