3125 4917
287 388 376 506 476
497 420 699 485 mennon
726 418 785 481 tn
814 420 969 485 tinnun
997 420 1159 484 rnrnun

256 606 259 612 ·
287 593 358 655 χειν
381 567 398 636 ό
419 571 483 635 τόν
502 568 687 648 invenisses
706 571 888 651 δομέοτικος
914 563 1104 653 ὄπτιμότον,
1135 571 1170 635 ἐν
1191 578 1380 657 καταγραφῇ
1469 584 1472 589 “

287 670 475 751 ποιοόμενος
494 667 587 751 τό,ιο
618 691 717 750 ονομα
739 684 796 733 και·
814 666 848 734 τό
865 672 994 755 χωρίον·
1015 668 1070 733 sat
1086 670 1117 733 εἰ
1133 670 1191 750 μὲν
1210 662 1380 752 όπόληται,

289 770 456 853 ζημιοῦται
482 765 564 832 arisi
591 766 609 832 ό
638 763 829 847 όπιιμότος·
871 767 902 832 εἰ
932 769 968 832 tt
996 762 1160 853 ιῖποθόνη,
1192 766 1377 846 ἄποιομιζει

286 862 344 940 τός
363 866 544 951 σφραγιλλας
563 863 609 945 εἴς
627 890 661 933 τε
681 863 737 932 τόν
753 862 876 950 κόμητα
898 868 956 931 καί
973 862 1030 932 τόν
1048 864 1290 951 χαρτουλόριον.
1312 888 1376 927 πα-

286 968 375 1049 ρέχει
395 966 432 1031 ot
452 963 509 1029 καί
526 960 544 1028 ό
563 963 659 1051 κόμης
686 968 748 1030 τοῦ
767 967 905 1047 minino
933 966 979 1043 εἰς
1009 962 1066 1041 τός
1093 964 1269 1050 φορτώσεις
1293 956 1397 1026 πατόὸ

284 1064 364 1135 ,δέκα
383 1064 548 1150 σαγμόρια
568 1063 745 1152 σόντροφον
762 1066 827 1129 τῶν
848 1065 1062 1148 Μαλαγινων,
1084 1065 1136 1128 ἵνα
1159 1062 1189 1127 oi
1209 1056 1378 1143 (irrupturos

286 1160 411 1246 σόρασι
429 1160 469 1226 τό
491 1164 664 1248 σαγμόρια,
685 1161 742 1228 καί
760 1159 790 1227 oi
811 1160 987 1250 σύντροφοι
1001 1162 1230 1227 ἀκολουθοῦσιν
1251 1153 1377 1237 αὐτοὺς,

141 1276 191 1333 zu.
199 1262 347 1350 1,,ηη5καί
364 1261 569 1346 διορθοῦνται
588 1260 629 1325 τὰ
653 1258 810 1346 γομόρια.
851 1263 907 1325 καί
937 1259 989 1326 ὅτε
1020 1260 1305 1345 α’ποφορτώσουσιν
1332 1256 1379 1329 εἰς

287 1354 325 1422 τό
345 1350 502 1443 όπληπτον
519 1356 559 1423 τό
580 1359 764 1445 σαγμόρια,
796 1356 1014 1442 ἀναλαμβάνει
1040 1361 1143 1423 ταῦτα
1163 1355 1180 1421 ὃ
1199 1349 1380 1439 leprosis}-

290 1480 358 1542 ριος
376 1458 440 1523 τῶν
459 1460 657 1541 Morsynos
676 1456 732 1522 καί
757 1458 776 1521 ό
799 1456 1077 1543 σαφραμεντόριος
1095 1452 1175 1539 μετὰ
1196 1455 1263 1517 τοῖν
1282 1447 1423 1534 τομή-ιο

161 1588 211 1642 fl,
223 1579 355 1646 Μταν
375 1555 433 1620 καί
449 1558 511 1622 τῶν
531 1555 719 1643 συντρόφων
739 1555 796 1622 καί
810 1562 874 1622 τοῖν
892 1552 1079 1639 όαιιμότων,
1100 1558 1156 1619 καί
1172 1549 1382 1634 ἐκβάλλουσιν

291 1656 336 1728 εἰς
355 1652 414 1738 τήν
433 1652 568 1737 βουνόν·
609 1654 727 1734 ὁμοίως
753 1658 810 1718 καί
837 1659 883 1728 εἰς
910 1654 950 1718 τό
980 1657 1140 1739 naptham
1159 1653 1225 1715 sais
1256 1646 1381 1736 φοριιό-

290 1773 372 1816 σειον
391 1749 471 1815 sossi
493 1748 519 1815 κ’
539 1750 700 1837 παρόππια
720 1751 897 1839 σύντροφος
918 1746 972 1828 εἷς.
994 1750 1050 1815 sot*
1070 1744 1121 1817 ὅτε
1142 1746 1239 1815 usion
1257 1745 1293 1812 τό
1304 1742 1381 1829 βοό-

291 1870 389 1930 srvos,
419 1845 515 1915 πόλιν
536 1850 689 1935 φέρουσιν
709 1846 807 1931 uisu,
840 1847 896 1915 καί
914 1846 1138 1935 παραδιδόασι,
1160 1843 1267 1917 καθώς
1287 1842 1381 1921 ἐνομ-

259 1946 492 2035 „nescioquam
519 1945 578 2031 την
599 1951 634 2011 ot·
654 1947 770 2034 νριθὴν
791 1944 875 2030 ὅλην,
897 1951 960 2011 τῶν
980 1971 1012 2011 ιε
1032 1942 1216 2025 ooyrtapr'oas
1236 1943 1294 2003 καί
1315 1943 1423 2007 nes-15

288 2044 426 2128 ριππίιυν
446 2046 501 2105 sui
519 2046 707 2124 osiloprhrr,
728 2047 763 2106 ἐν
784 2039 830 2116 οἷς
849 2039 1141 2125 ἐκομπινεόθησαν,
1163 2034 1380 2124 παραλαμβός

288 2165 336 2207 νει
356 2139 375 2205 ό
392 2138 628 2226 χαρτουλόριυς
647 2143 706 2204 τοῦ
725 2140 864 2223 στόβλου
895 2136 963 2224 ἅμα
993 2144 1036 2228 τῷ
1062 2139 1215 2223 κελλαρόιρ
1235 2133 1295 2220 την
1314 2158 1381 2220 ιρι-

288 2237 361 2323 bris,
381 2230 453 2324 ἤτοι
473 2235 532 2314 τός
550 2235 646 2319 ταγός
666 2232 774 2301 oiseis
795 2240 831 2303 ὲκ
851 2242 910 2304 sori
930 2239 1185 2327 oporovoropr'ov
1204 2236 1261 2301 rosi
1274 2232 1381 2317 θέμα-

289 2359 359 2419 τος,
387 2336 445 2402 καί
463 2338 655 2424 χορηγοῦσιν
674 2332 807 2404 brosson
829 2334 946 2421 ἀλόγου
975 2335 1083 2424 ταγην.
1124 2334 1200 2401 ὅδὲ
1219 2354 1383 2420 mousero-

289 2556 338 2591 cns
350 2540 513 2608 optimatum
529 2538 613 2593 debet
627 2558 770 2594 numerum
794 2542 947 2593 rurslionnm
960 2556 993 2593 ex
1011 2539 1192 2609 optimatibus
1204 2544 1378 2591 consumens

288 2618 428 2680 praestare
441 2612 580 2680 sagrnsriis
593 2628 687 2679 parens
711 2621 740 2663 et
766 2613 886 2663 iadicem
907 2612 1012 2674 liscere,
1032 2612 1060 2661 iu
1078 2628 1134 2681 quo
1147 2610 1281 2677 scripturn
1299 2608 1336 2659 sit
1348 2616 1380 2659 st

289 2696 391 2731 nornen
408 2680 624 2753 suriuscuinsqnc
639 2683 796 2750 optimatis,
823 2691 852 2734 et
869 2680 992 2751 praedii,
1010 2681 1086 2751 quod
1104 2696 1137 2732 ex
1150 2680 1327 2730 concessione
1347 2686 1379 2732 et

288 2750 473 2818 assignatione
495 2752 569 2818 regia
585 2752 716 2820 possidet.
759 2753 835 2805 Etsi
854 2751 966 2824 quidem
989 2753 1099 2802 amittat
1113 2751 1277 2819 sagmarium
1300 2764 1381 2799 suram

290 2820 426 2887 optimas,
449 2820 506 2871 sivo
530 2819 561 2871 iel
580 2822 748 2874 aberraverit
768 2837 783 2870 a
803 2822 863 2883 via,
892 2822 950 2873 sive
963 2822 1126 2889 autlrrgerit,
1144 2820 1202 2875 sive
1220 2826 1327 2887 raptum
1342 2816 1380 2865 ab

289 2888 370 2942 hoste
387 2890 487 2950 luserit,
510 2889 564 2943 luit
592 2892 651 2961 ipse
680 2893 783 2942 iactura
802 2890 881 2942 lurnli
905 2898 960 2955 sui,
986 2890 1086 2961 qtroslsi
1108 2905 1172 2942 uero
1199 2886 1381 2957 exspiraverit

289 2957 396 3022 bestia,
415 2958 528 3012 exhibet
542 2962 635 3014 comiti
652 2969 680 3013 et
692 2962 875 3022 chartulario,
900 2961 1002 3012 stabuli
1021 2976 1138 3029 nempe,
1157 2966 1272 3009 tesseras
1290 2956 1380 3023 regias

290 3030 358 3080 olim
381 3027 453 3094 sibi,
504 3048 568 3082 nuru
592 3031 681 3085 bestia
705 3048 772 3082 strae
796 3032 978 3084 sollicitudini
1009 3030 1234 3090 committeretur,
1260 3026 1378 3079 additu.

290 3099 389 3153 Comes
414 3047 517 3152 suurbi
543 3118 655 3173 quoqne
680 3118 730 3171 pro
757 3102 872 3168 singulis
897 3100 1015 3151 deerrriis
1044 3099 1236 3167 sagmariorum
1255 3104 1379 3167 praestat

289 3169 413 3240 singulos
430 3170 592 3239 syntrophos
610 3188 659 3224 seu
684 3171 894 3223 contubernales
928 3178 976 3223 sut
1008 3172 1121 3220 comites
1141 3169 1263 3231 itineris,
1282 3183 1298 3217 e
1319 3176 1378 3219 us-

289 3240 370 3291 tione
389 3250 419 3292 et
430 3240 546 3293 stabulis
560 3241 642 3309 regiis
661 3240 737 3311 spnd
748 3241 1049 3309 hlslaginadepromtos
1066 3256 1099 3289 eo
1117 3240 1190 3301 fine,
1209 3245 1240 3289 nt
1260 3238 1380 3305 optima-

289 3314 333 3358 tes
349 3310 461 3380 quidem
477 3310 671 3379 praecedentes
689 3311 749 3365 loro
761 3326 833 3381 pone
846 3326 874 3361 se
893 3310 1004 3363 trahant
1015 3310 1155 3378 saprum-ia,
1173 3306 1317 3374 syntrophi
1330 3323 1380 3358 sn-

289 3383 347 3427 tem
372 3396 445 3446 poue
468 3378 667 3451 subsequentes
692 3398 724 3432 ea
745 3398 836 3433 coram
861 3388 1000 3452 seagsnt,
1024 3394 1164 3447 ouer-sque
1184 3384 1233 3427 ant
1255 3376 1378 3446 delapsa,

289 3453 340 3497 snt
356 3448 463 3498 ruinam
484 3449 617 3500 minantia
635 3468 728 3502 rursus
749 3452 882 3514 allevent,
910 3467 1044 3521 srrrnnqne
1069 3448 1201 3499 inlocum
1219 3454 1247 3499 et
1272 3448 1302 3497 in
1331 3460 1377 3495 ae-

290 3515 454 3590 quilibrium
472 3527 614 3585 reponant.
632 3522 662 3569 ist
678 3521 750 3569 tdsm
769 3537 880 3589 quoqne
899 3522 927 3570 in
944 3518 1096 3587 psrlrippiis
1113 3520 1247 3571 onerariis
1259 3516 1376 3575 obtinet,

293 3603 410 3658 quornm
429 3588 543 3656 singulis
554 3587 699 3640 tricenariis
713 3589 814 3655 singull
841 3588 1050 3639 contubernales
1076 3586 1184 3639 arlsunt.
1220 3585 1327 3646 hlulos,
1345 3590 1378 3634 nt

292 3658 323 3709 in
337 3659 482 3709 stationem
495 3657 676 3727 appulerunt,
703 3657 816 3709 sarcinis
837 3655 970 3707 liberatos
995 3656 1065 3707 tradi
1084 3663 1112 3709 ct
1130 3656 1302 3709 adnumerari
1320 3652 1375 3705 sibi

292 3736 372 3779 curat
385 3727 565 3781 chartularios
578 3727 794 3797 Malaginorum
813 3725 1035 3778 sairamentarins
1057 3736 1148 3779 autem
1167 3727 1335 3791 comitesque
1347 3728 1377 3773 et

292 3797 435 3866 syntrophi
452 3809 480 3850 et
497 3799 642 3867 optimates
657 3805 760 3850 escunt
776 3814 837 3849 eum
861 3796 957 3849 bestiis
973 3800 1002 3850 in
1016 3814 1153 3869 pascuum.
1190 3791 1309 3863 chsnslo
1325 3808 1376 3843 su-

291 3872 348 3915 tesn
374 3866 489 3920 buccina
522 3869 629 3935 siguum
649 3867 771 3937 receptui
791 3867 914 3930 dederit,
938 3867 1073 3921 reclsreuut
1096 3865 1222 3920 animalia
1247 3878 1297 3913 sua
1329 3878 1375 3914 eo·

293 3941 407 4005 rumque
424 3937 558 3989 exhibent
576 3939 647 4001 illis,
670 3956 687 3990 a
707 3937 809 4010 quibus
838 3946 1017 4006 acceperant,
1038 3956 1071 3991 eo
1089 3936 1184 3996 rrrodo,
1202 3950 1258 4003 quo
1271 3932 1375 3985 oomlsi-

292 4004 351 4056 nati
368 4008 492 4066 lucrant,
510 4006 539 4058 id
558 4014 600 4059 est
615 4007 718 4060 bestias
736 4009 920 4079 simulatque
938 4018 1053 4061 tesseras
1072 4010 1238 4073 acceperant.
1276 4004 1373 4072 Quan-

291 4081 351 4127 turn
376 4077 429 4127 inm
457 4076 491 4128 acl
513 4085 601 4130 toturn
625 4078 758 4132 hordeum
782 4079 900 4143 attinet,
930 4080 957 4130 id
979 4090 1021 4132 est
1039 4088 1091 4131 tarn
1111 4075 1306 4143 sagnrsriorunr
1325 4090 1371 4125 sen

292 4145 443 4209 naulorum,
472 4164 553 4216 speum
575 4148 797 4217 parhippioruna,
816 4153 857 4200 uti
878 4160 906 4203 et
923 4152 1093 4203 sellariorum
1113 4160 1265 4215 equorum,
1286 4143 1371 4199 illud.

292 4214 346 4268 lroe
364 4225 403 4267 est
421 4225 521 4269 statuta
541 4234 633 4272 eornm
649 4220 676 4271 in
695 4218 800 4272 hordeo
817 4218 921 4283 fflsria,
945 4220 1081 4286 accipiunt
1093 4216 1173 4269 sinrul
1193 4224 1222 4267 et
1239 4215 1324 4267 senrel
1344 4214 1371 4263 iu

294 4303 346 4339 uus
364 4304 451 4341 massa
467 4286 509 4341 ibi
527 4288 665 4355 locorunr,
684 4288 733 4343 ubi
752 4289 942 4346 combinantur
962 4287 1075 4352 beatiss,
1094 4286 1138 4355 [id
1157 4294 1199 4340 est
1211 4288 1241 4340 irs
1258 4284 1371 4354 singnis
