<?xml version="1.0" encoding="UTF-8"?>
<!DOCTYPE html PUBLIC "-//W3C//DTD XHTML 1.0 Transitional//EN"
    "http://www.w3.org/TR/xhtml1/DTD/xhtml1-transitional.dtd">
<html xmlns="http://www.w3.org/1999/xhtml" xml:lang="en" lang="en">
 <head>
  <title>
</title>
<meta http-equiv="Content-Type" content="text/html;charset=utf-8" />
  <meta name='ocr-system' content='tesseract 3.04.00' />
  <meta name='ocr-capabilities' content='ocr_page ocr_carea ocr_par ocr_line ocrx_word'/>
</head>
<body>
  <div class='ocr_page' id='page_1' title='image "./corpusscriptoru40theogoog/corpusscriptoru40theogoog_0211.png"; bbox 0 0 3125 4917; ppageno 0'>
   <div class='ocr_carea' id='block_1_1' title="bbox 368 350 1309 466">
    <p class='ocr_par' dir='ltr' id='par_1_1' title="bbox 368 350 1309 466">
     <span class='ocr_line' id='line_1_1' title="bbox 368 350 1309 466; baseline -0.014 -18"><span class='ocrx_word' id='word_1_1' title='bbox 368 370 1009 448; x_wconf 56' lang='lat' dir='ltr'><strong>numerumnunerum.</strong></span> <span class='ocrx_word' id='word_1_2' title='bbox 1038 380 1137 451; x_wconf 66' lang='lat' dir='ltr'><strong>ton</strong></span> <span class='ocrx_word' id='word_1_3' title='bbox 1231 350 1309 466; x_wconf 84' lang='lat'><strong>137</strong></span> 
     </span>
    </p>
   </div>
   <div class='ocr_carea' id='block_1_2' title="bbox 174 527 1444 2888">
    <p class='ocr_par' dir='ltr' id='par_1_2' title="bbox 174 527 1444 2888">
     <span class='ocr_line' id='line_1_2' title="bbox 222 527 1444 626; baseline -0.003 -25"><span class='ocrx_word' id='word_1_4' title='bbox 222 537 258 604; x_wconf 76' lang='grc' dir='ltr'><strong>ἐν</strong></span> <span class='ocrx_word' id='word_1_5' title='bbox 277 538 322 626; x_wconf 70' lang='grc' dir='ltr'><strong>τῷ</strong></span> <span class='ocrx_word' id='word_1_6' title='bbox 345 533 421 624; x_wconf 78' lang='grc' dir='ltr'><strong><em>ἱερῷ</em></strong></span> <span class='ocrx_word' id='word_1_7' title='bbox 438 537 595 623; x_wconf 74' lang='grc' dir='ltr'><strong><em>παλατίιμ,</em></strong></span> <span class='ocrx_word' id='word_1_8' title='bbox 623 531 680 597; x_wconf 85' lang='grc' dir='ltr'><strong><em>καί</em></strong></span> <span class='ocrx_word' id='word_1_9' title='bbox 698 529 822 595; x_wconf 83' lang='grc' dir='ltr'><strong><em>πόντων</em></strong></span> <span class='ocrx_word' id='word_1_10' title='bbox 846 527 926 610; x_wconf 79' lang='grc' dir='ltr'><strong><em>μετὰ</em></strong></span> <span class='ocrx_word' id='word_1_11' title='bbox 946 531 1128 610; x_wconf 81' lang='grc' dir='ltr'><strong><em>ιίλλαξίμονν</em></strong></span> <span class='ocrx_word' id='word_1_12' title='bbox 1157 538 1444 616; x_wconf 46' lang='lat' dir='ltr'><strong>apotolo-Edam</strong></span> 
     </span>
     <span class='ocr_line' id='line_1_3' title="bbox 222 624 1313 716; baseline -0.005 -18"><span class='ocrx_word' id='word_1_13' title='bbox 222 638 328 716; x_wconf 82' lang='grc' dir='ltr'><strong><em>με’νοον</em></strong></span> <span class='ocrx_word' id='word_1_14' title='bbox 353 634 408 698; x_wconf 79' lang='grc' dir='ltr'><strong><em>διὰ</em></strong></span> <span class='ocrx_word' id='word_1_15' title='bbox 434 631 492 708; x_wconf 82' lang='grc' dir='ltr'><strong>τός</strong></span> <span class='ocrx_word' id='word_1_16' title='bbox 513 638 570 715; x_wconf 81' lang='grc' dir='ltr'><strong>της</strong></span> <span class='ocrx_word' id='word_1_17' title='bbox 589 632 833 713; x_wconf 82' lang='grc' dir='ltr'><strong><em>δωδεκαημίρου</em></strong></span> <span class='ocrx_word' id='word_1_18' title='bbox 849 624 1056 714; x_wconf 73' lang='grc' dir='ltr'><strong><em>ἑορτασίμους</em></strong></span> <span class='ocrx_word' id='word_1_19' title='bbox 1076 628 1216 713; x_wconf 77' lang='grc' dir='ltr'><strong><em>ἡμέρας,</em></strong></span> <span class='ocrx_word' id='word_1_20' title='bbox 1238 649 1313 712; x_wconf 86' lang='grc' dir='ltr'><strong><em>περι</em></strong></span> 
     </span>
     <span class='ocr_line' id='line_1_4' title="bbox 224 723 1313 817; baseline -0.005 -20"><span class='ocrx_word' id='word_1_21' title='bbox 224 730 314 817; x_wconf 77' lang='grc' dir='ltr'><strong><em>οόραν</em></strong></span> <span class='ocrx_word' id='word_1_22' title='bbox 338 735 488 816; x_wconf 72' lang='grc' dir='ltr'><strong>δευτέραν</strong></span> <span class='ocrx_word' id='word_1_23' title='bbox 511 735 660 815; x_wconf 78' lang='grc' dir='ltr'><strong><em>ζητοῦσιν</em></strong></span> <span class='ocrx_word' id='word_1_24' title='bbox 694 729 722 792; x_wconf 85' lang='grc' dir='ltr'><strong>οἱ</strong></span> <span class='ocrx_word' id='word_1_25' title='bbox 746 725 897 792; x_wconf 87' lang='grc' dir='ltr'><strong><em>δεσπόται</em></strong></span> <span class='ocrx_word' id='word_1_26' title='bbox 920 725 974 791; x_wconf 89' lang='grc' dir='ltr'><strong>τόν</strong></span> <span class='ocrx_word' id='word_1_27' title='bbox 1000 723 1225 812; x_wconf 86' lang='grc' dir='ltr'><strong><em>πραιπόσιτον,</em></strong></span> <span class='ocrx_word' id='word_1_28' title='bbox 1256 726 1313 792; x_wconf 83' lang='grc' dir='ltr'><strong><em>καί</em></strong></span> 
     </span>
     <span class='ocr_line' id='line_1_5' title="bbox 223 821 1311 916; baseline -0.006 -22"><span class='ocrx_word' id='word_1_29' title='bbox 223 829 446 916; x_wconf 76' lang='grc' dir='ltr'><strong>εἰσερχόμενος</strong></span> <span class='ocrx_word' id='word_1_30' title='bbox 465 829 546 910; x_wconf 79' lang='grc' dir='ltr'><strong><em>μετὰ</em></strong></span> <span class='ocrx_word' id='word_1_31' title='bbox 562 829 618 892; x_wconf 90' lang='grc' dir='ltr'><strong><em>καί</em></strong></span> <span class='ocrx_word' id='word_1_32' title='bbox 634 834 695 893; x_wconf 76' lang='grc' dir='ltr'><strong>τῶν</strong></span> <span class='ocrx_word' id='word_1_33' title='bbox 714 825 769 892; x_wconf 83' lang='grc' dir='ltr'><strong>ἰπί</strong></span> <span class='ocrx_word' id='word_1_34' title='bbox 782 828 846 890; x_wconf 75' lang='grc' dir='ltr'><strong><em>τοῖν</em></strong></span> <span class='ocrx_word' id='word_1_35' title='bbox 863 829 1053 906; x_wconf 78' lang='grc' dir='ltr'><strong><em>α’λλαξίμων,</em></strong></span> <span class='ocrx_word' id='word_1_36' title='bbox 1076 821 1224 890; x_wconf 75' lang='grc' dir='ltr'><strong>ἐνδύουσι</strong></span> <span class='ocrx_word' id='word_1_37' title='bbox 1236 822 1311 900; x_wconf 87' lang='grc' dir='ltr'><strong><em>τοός</em></strong></span> 
     </span>
     <span class='ocr_line' id='line_1_6' title="bbox 202 924 1311 1010; baseline -0.005 -16"><span class='ocrx_word' id='word_1_38' title='bbox 202 927 380 1005; x_wconf 83' lang='grc' dir='ltr'><strong><em>5δεσπότας</em></strong></span> <span class='ocrx_word' id='word_1_39' title='bbox 403 930 462 1004; x_wconf 85' lang='grc' dir='ltr'><strong>τός</strong></span> <span class='ocrx_word' id='word_1_40' title='bbox 480 927 603 993; x_wconf 75' lang='grc' dir='ltr'><strong><em>ἑαυτῶν</em></strong></span> <span class='ocrx_word' id='word_1_41' title='bbox 629 924 818 1010; x_wconf 83' lang='grc' dir='ltr'><strong><em>χλαμόδας,</em></strong></span> <span class='ocrx_word' id='word_1_42' title='bbox 847 924 903 989; x_wconf 88' lang='grc' dir='ltr'><strong><em>καί</em></strong></span> <span class='ocrx_word' id='word_1_43' title='bbox 927 927 1123 1008; x_wconf 77' lang='grc' dir='ltr'><strong><em>εἰσέρχονται</em></strong></span> <span class='ocrx_word' id='word_1_44' title='bbox 1147 927 1311 998; x_wconf 69' lang='grc' dir='ltr'><strong><em>οἰκειακαῖς</em></strong></span> 
     </span>
     <span class='ocr_line' id='line_1_7' title="bbox 223 1019 1311 1112; baseline -0.006 -20"><span class='ocrx_word' id='word_1_45' title='bbox 223 1027 254 1094; x_wconf 81' lang='grc' dir='ltr'><strong>οἰ</strong></span> <span class='ocrx_word' id='word_1_46' title='bbox 277 1025 428 1093; x_wconf 78' lang='grc' dir='ltr'><strong><em>δεσπόται</em></strong></span> <span class='ocrx_word' id='word_1_47' title='bbox 449 1025 504 1091; x_wconf 83' lang='grc' dir='ltr'><strong><em>διό</em></strong></span> <span class='ocrx_word' id='word_1_48' title='bbox 519 1033 578 1092; x_wconf 80' lang='grc' dir='ltr'><strong>τοῦ</strong></span> <span class='ocrx_word' id='word_1_49' title='bbox 594 1023 760 1112; x_wconf 87' lang='grc' dir='ltr'><strong><em>μα’κρωνος</em></strong></span> <span class='ocrx_word' id='word_1_50' title='bbox 776 1027 834 1089; x_wconf 80' lang='grc' dir='ltr'><strong>τοῦ</strong></span> <span class='ocrx_word' id='word_1_51' title='bbox 851 1029 997 1098; x_wconf 77' lang='grc' dir='ltr'><strong><em>κοιτῶνος</em></strong></span> <span class='ocrx_word' id='word_1_52' title='bbox 1017 1027 1063 1098; x_wconf 85' lang='grc' dir='ltr'><strong>εἰς</strong></span> <span class='ocrx_word' id='word_1_53' title='bbox 1082 1019 1137 1086; x_wconf 87' lang='grc' dir='ltr'><strong>τόν</strong></span> <span class='ocrx_word' id='word_1_54' title='bbox 1164 1019 1311 1106; x_wconf 70' lang='grc' dir='ltr'><strong><em>νάρθηκα</em></strong></span> 
     </span>
     <span class='ocr_line' id='line_1_8' title="bbox 220 1119 1311 1211; baseline -0.007 -19"><span class='ocrx_word' id='word_1_55' title='bbox 220 1129 279 1211; x_wconf 82' lang='grc' dir='ltr'><strong>τῆς</strong></span> <span class='ocrx_word' id='word_1_56' title='bbox 293 1126 470 1211; x_wconf 74' lang='grc' dir='ltr'><strong><em>όπεραγίας</em></strong></span> <span class='ocrx_word' id='word_1_57' title='bbox 488 1122 643 1190; x_wconf 85' lang='grc' dir='ltr'><strong><em>Θεοτόκου</em></strong></span> <span class='ocrx_word' id='word_1_58' title='bbox 663 1127 722 1190; x_wconf 79' lang='grc' dir='ltr'><strong>τοῦ</strong></span> <span class='ocrx_word' id='word_1_59' title='bbox 739 1120 859 1211; x_wconf 84' lang='grc' dir='ltr'><strong><em>φόρου.</em></strong></span> <span class='ocrx_word' id='word_1_60' title='bbox 888 1121 918 1188; x_wconf 80' lang='grc' dir='ltr'><strong>οἱ</strong></span> <span class='ocrx_word' id='word_1_61' title='bbox 941 1126 977 1188; x_wconf 84' lang='grc' dir='ltr'><strong>δὲ</strong></span> <span class='ocrx_word' id='word_1_62' title='bbox 990 1119 1159 1205; x_wconf 80' lang='grc' dir='ltr'><strong><em>μόγιστροι</em></strong></span> <span class='ocrx_word' id='word_1_63' title='bbox 1178 1120 1235 1184; x_wconf 88' lang='grc' dir='ltr'><strong><em>καί</em></strong></span> <span class='ocrx_word' id='word_1_64' title='bbox 1248 1145 1311 1184; x_wconf 68' lang='grc' dir='ltr'><strong><em>ποι-ι</em></strong></span> 
     </span>
     <span class='ocr_line' id='line_1_9' title="bbox 220 1221 1312 1312; baseline -0.006 -21"><span class='ocrx_word' id='word_1_65' title='bbox 220 1227 337 1312; x_wconf 82' lang='grc' dir='ltr'><strong><em>τρίκιοι</em></strong></span> <span class='ocrx_word' id='word_1_66' title='bbox 355 1225 412 1288; x_wconf 84' lang='grc' dir='ltr'><strong><em>καί</em></strong></span> <span class='ocrx_word' id='word_1_67' title='bbox 427 1224 533 1288; x_wconf 93' lang='grc' dir='ltr'><strong><em>λοιποί</em></strong></span> <span class='ocrx_word' id='word_1_68' title='bbox 549 1222 752 1307; x_wconf 76' lang='grc' dir='ltr'><strong><em>συγκλητικοί</em></strong></span> <span class='ocrx_word' id='word_1_69' title='bbox 764 1221 845 1304; x_wconf 76' lang='grc' dir='ltr'><strong><em>μετὰ</em></strong></span> <span class='ocrx_word' id='word_1_70' title='bbox 862 1222 919 1287; x_wconf 89' lang='grc' dir='ltr'><strong><em>καί</em></strong></span> <span class='ocrx_word' id='word_1_71' title='bbox 936 1226 994 1287; x_wconf 82' lang='grc' dir='ltr'><strong>τοῦ</strong></span> <span class='ocrx_word' id='word_1_72' title='bbox 1013 1223 1257 1302; x_wconf 85' lang='grc' dir='ltr'><strong><em>κουβουκλείου,</em></strong></span> <span class='ocrx_word' id='word_1_73' title='bbox 1280 1221 1312 1284; x_wconf 80' lang='grc' dir='ltr'><strong>εἰ</strong></span> 
     </span>
     <span class='ocr_line' id='line_1_10' title="bbox 221 1321 1313 1411; baseline -0.005 -25"><span class='ocrx_word' id='word_1_74' title='bbox 221 1327 283 1404; x_wconf 81' lang='grc' dir='ltr'><strong>μὲν</strong></span> <span class='ocrx_word' id='word_1_75' title='bbox 301 1321 386 1386; x_wconf 81' lang='grc' dir='ltr'><strong><em>ἔστιν</em></strong></span> <span class='ocrx_word' id='word_1_76' title='bbox 408 1325 513 1404; x_wconf 81' lang='grc' dir='ltr'><strong><em>εἰδία,</em></strong></span> <span class='ocrx_word' id='word_1_77' title='bbox 535 1325 677 1387; x_wconf 74' lang='grc' dir='ltr'><strong><em>ἵστανται</em></strong></span> <span class='ocrx_word' id='word_1_78' title='bbox 697 1324 733 1386; x_wconf 78' lang='grc' dir='ltr'><strong>ἐν</strong></span> <span class='ocrx_word' id='word_1_79' title='bbox 755 1326 800 1411; x_wconf 76' lang='grc' dir='ltr'><strong>τῷ</strong></span> <span class='ocrx_word' id='word_1_80' title='bbox 818 1323 877 1387; x_wconf 76' lang='grc' dir='ltr'><strong>τοῦ</strong></span> <span class='ocrx_word' id='word_1_81' title='bbox 898 1325 1158 1407; x_wconf 87' lang='grc' dir='ltr'><strong><em>χρυσοτρικλίνου</em></strong></span> <span class='ocrx_word' id='word_1_82' title='bbox 1180 1321 1313 1408; x_wconf 59' lang='grc' dir='ltr'><strong><em>ἡλιακηί,</em></strong></span> 
     </span>
     <span class='ocr_line' id='line_1_11' title="bbox 183 1419 1310 1504; baseline -0.004 -17"><span class='ocrx_word' id='word_1_83' title='bbox 183 1423 254 1488; x_wconf 87' lang='grc' dir='ltr'><strong><em>ιοεί</em></strong></span> <span class='ocrx_word' id='word_1_84' title='bbox 270 1423 306 1485; x_wconf 81' lang='grc' dir='ltr'><strong>δὲ</strong></span> <span class='ocrx_word' id='word_1_85' title='bbox 329 1421 387 1484; x_wconf 74' lang='lat' dir='ltr'><strong>oris</strong></span> <span class='ocrx_word' id='word_1_86' title='bbox 407 1419 491 1486; x_wconf 85' lang='grc' dir='ltr'><strong><em>ἔστιν</em></strong></span> <span class='ocrx_word' id='word_1_87' title='bbox 522 1423 635 1502; x_wconf 80' lang='grc' dir='ltr'><strong><em>εόδία,</em></strong></span> <span class='ocrx_word' id='word_1_88' title='bbox 668 1421 811 1487; x_wconf 73' lang='grc' dir='ltr'><strong><em>ἵστανται</em></strong></span> <span class='ocrx_word' id='word_1_89' title='bbox 834 1419 923 1484; x_wconf 81' lang='grc' dir='ltr'><strong><em>ἔνδον</em></strong></span> <span class='ocrx_word' id='word_1_90' title='bbox 953 1423 1011 1502; x_wconf 78' lang='grc' dir='ltr'><strong>τοῦ</strong></span> <span class='ocrx_word' id='word_1_91' title='bbox 1036 1421 1310 1504; x_wconf 85' lang='grc' dir='ltr'><strong><em>χρυσοτρικλίνου.</em></strong></span> 
     </span>
     <span class='ocr_line' id='line_1_12' title="bbox 220 1515 1309 1604; baseline -0.004 -23"><span class='ocrx_word' id='word_1_92' title='bbox 220 1517 278 1582; x_wconf 89' lang='grc' dir='ltr'><strong><em>καί</em></strong></span> <span class='ocrx_word' id='word_1_93' title='bbox 303 1515 367 1584; x_wconf 69' lang='lat' dir='ltr'><strong>sio·</strong></span> <span class='ocrx_word' id='word_1_94' title='bbox 392 1516 492 1596; x_wconf 83' lang='grc' dir='ltr'><strong><em>οότως</em></strong></span> <span class='ocrx_word' id='word_1_95' title='bbox 517 1523 707 1604; x_wconf 77' lang='grc' dir='ltr'><strong><em>ἐπαίρουσιν</em></strong></span> <span class='ocrx_word' id='word_1_96' title='bbox 729 1519 760 1586; x_wconf 81' lang='grc' dir='ltr'><strong>οἰ</strong></span> <span class='ocrx_word' id='word_1_97' title='bbox 792 1517 944 1585; x_wconf 82' lang='grc' dir='ltr'><strong><em>δεσπόται</em></strong></span> <span class='ocrx_word' id='word_1_98' title='bbox 966 1518 1024 1604; x_wconf 78' lang='grc' dir='ltr'><strong>την</strong></span> <span class='ocrx_word' id='word_1_99' title='bbox 1042 1515 1131 1602; x_wconf 78' lang='grc' dir='ltr'><strong><em>λιτην</em></strong></span> <span class='ocrx_word' id='word_1_100' title='bbox 1161 1515 1223 1579; x_wconf 85' lang='grc' dir='ltr'><strong><em>α’πό</em></strong></span> <span class='ocrx_word' id='word_1_101' title='bbox 1250 1518 1309 1579; x_wconf 78' lang='grc' dir='ltr'><strong>τοῦ</strong></span> 
     </span>
     <span class='ocr_line' id='line_1_13' title="bbox 218 1614 1336 1704; baseline -0.003 -24"><span class='ocrx_word' id='word_1_102' title='bbox 218 1620 298 1680; x_wconf 73' lang='lat' dir='ltr'><strong>seori</strong></span> <span class='ocrx_word' id='word_1_103' title='bbox 312 1621 368 1701; x_wconf 79' lang='grc' dir='ltr'><strong>της</strong></span> <span class='ocrx_word' id='word_1_104' title='bbox 385 1614 735 1704; x_wconf 70' lang='grc' dir='ltr'><strong><em>όπεραγιαςθεοτόκου,</em></strong></span> <span class='ocrx_word' id='word_1_105' title='bbox 749 1619 807 1683; x_wconf 91' lang='grc' dir='ltr'><strong><em>καί</em></strong></span> <span class='ocrx_word' id='word_1_106' title='bbox 824 1621 1016 1703; x_wconf 81' lang='grc' dir='ltr'><strong><em>α’πέρχονται</em></strong></span> <span class='ocrx_word' id='word_1_107' title='bbox 1036 1615 1247 1688; x_wconf 82' lang='grc' dir='ltr'><strong><em>λιτανεόοντες</em></strong></span> <span class='ocrx_word' id='word_1_108' title='bbox 1263 1617 1336 1689; x_wconf 74' lang='grc' dir='ltr'><strong><em>εἰςΒ</em></strong></span> 
     </span>
     <span class='ocr_line' id='line_1_14' title="bbox 217 1710 1307 1800; baseline -0.004 -21"><span class='ocrx_word' id='word_1_109' title='bbox 217 1713 274 1780; x_wconf 84' lang='grc' dir='ltr'><strong>τόν</strong></span> <span class='ocrx_word' id='word_1_110' title='bbox 288 1714 365 1780; x_wconf 88' lang='grc' dir='ltr'><strong><em>ναόν</em></strong></span> <span class='ocrx_word' id='word_1_111' title='bbox 379 1720 439 1781; x_wconf 79' lang='grc' dir='ltr'><strong>τοῦ</strong></span> <span class='ocrx_word' id='word_1_112' title='bbox 458 1717 550 1800; x_wconf 78' lang='grc' dir='ltr'><strong><em>ἁγίου</em></strong></span> <span class='ocrx_word' id='word_1_113' title='bbox 561 1720 747 1798; x_wconf 81' lang='grc' dir='ltr'><strong><em>Βασιλείαν,</em></strong></span> <span class='ocrx_word' id='word_1_114' title='bbox 768 1720 895 1782; x_wconf 79' lang='grc' dir='ltr'><strong><em>κιίκεῖσε</em></strong></span> <span class='ocrx_word' id='word_1_115' title='bbox 914 1713 1115 1790; x_wconf 73' lang='grc' dir='ltr'><strong><em>ἀποδιδόντες</em></strong></span> <span class='ocrx_word' id='word_1_116' title='bbox 1130 1712 1188 1797; x_wconf 77' lang='grc' dir='ltr'><strong>την</strong></span> <span class='ocrx_word' id='word_1_117' title='bbox 1210 1710 1307 1796; x_wconf 79' lang='grc' dir='ltr'><strong><em>λιτην,</em></strong></span> 
     </span>
     <span class='ocr_line' id='line_1_15' title="bbox 217 1812 1308 1903; baseline -0.003 -26"><span class='ocrx_word' id='word_1_118' title='bbox 217 1815 360 1880; x_wconf 68' lang='lat' dir='ltr'><strong>Toronae</strong></span> <span class='ocrx_word' id='word_1_119' title='bbox 375 1820 472 1903; x_wconf 85' lang='grc' dir='ltr'><strong><em>μέχρι</em></strong></span> <span class='ocrx_word' id='word_1_120' title='bbox 485 1823 542 1901; x_wconf 77' lang='grc' dir='ltr'><strong>τῆς</strong></span> <span class='ocrx_word' id='word_1_121' title='bbox 561 1815 746 1892; x_wconf 86' lang='grc' dir='ltr'><strong><em>ιίπολόσεως</em></strong></span> <span class='ocrx_word' id='word_1_122' title='bbox 767 1821 827 1883; x_wconf 80' lang='grc' dir='ltr'><strong>τοῦ</strong></span> <span class='ocrx_word' id='word_1_123' title='bbox 849 1817 940 1900; x_wconf 70' lang='grc' dir='ltr'><strong><em>ἁγίου</em></strong></span> <span class='ocrx_word' id='word_1_124' title='bbox 957 1816 1152 1898; x_wconf 77' lang='grc' dir='ltr'><strong><em>ειίαχγελίυο,</em></strong></span> <span class='ocrx_word' id='word_1_125' title='bbox 1173 1812 1229 1876; x_wconf 91' lang='grc' dir='ltr'><strong><em>καί</em></strong></span> <span class='ocrx_word' id='word_1_126' title='bbox 1248 1835 1308 1892; x_wconf 46' lang='grc' dir='ltr'><strong>μεή</strong></span> 
     </span>
     <span class='ocr_line' id='line_1_16' title="bbox 180 1911 1307 2000; baseline -0.004 -22"><span class='ocrx_word' id='word_1_127' title='bbox 180 1912 257 1980; x_wconf 81' lang='grc' dir='ltr'><strong><em>ε5τό</em></strong></span> <span class='ocrx_word' id='word_1_128' title='bbox 278 1912 337 1998; x_wconf 75' lang='grc' dir='ltr'><strong>την</strong></span> <span class='ocrx_word' id='word_1_129' title='bbox 358 1915 582 2000; x_wconf 79' lang='grc' dir='ltr'><strong><em>ιίπόλυσιντῆς</em></strong></span> <span class='ocrx_word' id='word_1_130' title='bbox 601 1919 743 1991; x_wconf 81' lang='grc' dir='ltr'><strong><em>ἑκτενοῦς</em></strong></span> <span class='ocrx_word' id='word_1_131' title='bbox 766 1917 964 1998; x_wconf 78' lang='grc' dir='ltr'><strong><em>εἰσέρχονται</em></strong></span> <span class='ocrx_word' id='word_1_132' title='bbox 976 1911 1072 1976; x_wconf 83' lang='grc' dir='ltr'><strong><em>πόλιν</em></strong></span> <span class='ocrx_word' id='word_1_133' title='bbox 1090 1913 1253 1984; x_wconf 77' lang='grc' dir='ltr'><strong><em>οἰκειακαῖς</em></strong></span> <span class='ocrx_word' id='word_1_134' title='bbox 1273 1911 1307 1974; x_wconf 89' lang='grc' dir='ltr'><strong>ε’ν</strong></span> 
     </span>
     <span class='ocr_line' id='line_1_17' title="bbox 216 2009 1308 2100; baseline -0.005 -25"><span class='ocrx_word' id='word_1_135' title='bbox 216 2013 261 2099; x_wconf 74' lang='grc' dir='ltr'><strong>τῷ</strong></span> <span class='ocrx_word' id='word_1_136' title='bbox 278 2017 538 2100; x_wconf 83' lang='grc' dir='ltr'><strong><em>χρυσοτρικλίνιρ.</em></strong></span> <span class='ocrx_word' id='word_1_137' title='bbox 558 2018 676 2095; x_wconf 75' lang='grc' dir='ltr'><strong><em>συνέβη</em></strong></span> <span class='ocrx_word' id='word_1_138' title='bbox 697 2017 733 2077; x_wconf 84' lang='grc' dir='ltr'><strong>δὲ</strong></span> <span class='ocrx_word' id='word_1_139' title='bbox 758 2013 815 2076; x_wconf 89' lang='grc' dir='ltr'><strong><em>καί</em></strong></span> <span class='ocrx_word' id='word_1_140' title='bbox 833 2016 924 2076; x_wconf 82' lang='grc' dir='ltr'><strong><em>τοῦτο</em></strong></span> <span class='ocrx_word' id='word_1_141' title='bbox 945 2012 1095 2094; x_wconf 75' lang='grc' dir='ltr'><strong><em>γενέσθαι</em></strong></span> <span class='ocrx_word' id='word_1_142' title='bbox 1113 2015 1152 2096; x_wconf 79' lang='grc' dir='ltr'><strong>τῇ</strong></span> <span class='ocrx_word' id='word_1_143' title='bbox 1174 2010 1255 2096; x_wconf 77' lang='grc' dir='ltr'><strong><em>αἰτῇ</em></strong></span> <span class='ocrx_word' id='word_1_144' title='bbox 1270 2009 1308 2092; x_wconf 45' lang='grc' dir='ltr'><strong>ἦε</strong></span> 
     </span>
     <span class='ocr_line' id='line_1_18' title="bbox 215 2105 1306 2198; baseline -0.005 -24"><span class='ocrx_word' id='word_1_145' title='bbox 215 2115 300 2198; x_wconf 73' lang='grc' dir='ltr'><strong><em>μέρη</em></strong></span> <span class='ocrx_word' id='word_1_146' title='bbox 320 2112 489 2174; x_wconf 75' lang='grc' dir='ltr'><strong><em>ἰνδικτιοῖνι</em></strong></span> <span class='ocrx_word' id='word_1_147' title='bbox 509 2107 547 2194; x_wconf 81' lang='lat' dir='ltr'><strong>y&#39;,</strong></span> <span class='ocrx_word' id='word_1_148' title='bbox 561 2117 617 2193; x_wconf 77' lang='grc' dir='ltr'><strong>τῆς</strong></span> <span class='ocrx_word' id='word_1_149' title='bbox 642 2116 729 2194; x_wconf 79' lang='grc' dir='ltr'><strong><em>λιτῆς</em></strong></span> <span class='ocrx_word' id='word_1_150' title='bbox 745 2112 960 2192; x_wconf 72' lang='grc' dir='ltr'><strong><em>τελεσθείσης,</em></strong></span> <span class='ocrx_word' id='word_1_151' title='bbox 980 2105 1090 2183; x_wconf 71' lang='grc' dir='ltr'><strong><em>καθώς</em></strong></span> <span class='ocrx_word' id='word_1_152' title='bbox 1110 2110 1306 2192; x_wconf 85' lang='grc' dir='ltr'><strong><em>προείρηται,</em></strong></span> 
     </span>
     <span class='ocr_line' id='line_1_19' title="bbox 215 2203 1307 2292; baseline -0.005 -19"><span class='ocrx_word' id='word_1_153' title='bbox 215 2209 297 2290; x_wconf 87' lang='grc' dir='ltr'><strong><em>μετιί</em></strong></span> <span class='ocrx_word' id='word_1_154' title='bbox 309 2207 367 2291; x_wconf 79' lang='grc' dir='ltr'><strong>την</strong></span> <span class='ocrx_word' id='word_1_155' title='bbox 385 2211 441 2292; x_wconf 76' lang='grc' dir='ltr'><strong>τῆς</strong></span> <span class='ocrx_word' id='word_1_156' title='bbox 454 2210 650 2292; x_wconf 73' lang='grc' dir='ltr'><strong><em>λειτουργίας</em></strong></span> <span class='ocrx_word' id='word_1_157' title='bbox 667 2205 823 2272; x_wconf 88' lang='grc' dir='ltr'><strong><em>ιίπόλυσιν</em></strong></span> <span class='ocrx_word' id='word_1_158' title='bbox 844 2209 963 2290; x_wconf 80' lang='grc' dir='ltr'><strong><em>ἐγένετο</em></strong></span> <span class='ocrx_word' id='word_1_159' title='bbox 985 2203 1235 2287; x_wconf 85' lang='grc' dir='ltr'><strong><em>μεταστόσιμον,</em></strong></span> <span class='ocrx_word' id='word_1_160' title='bbox 1250 2203 1307 2268; x_wconf 85' lang='grc' dir='ltr'><strong><em>καί</em></strong></span> 
     </span>
     <span class='ocr_line' id='line_1_20' title="bbox 217 2299 1305 2393; baseline -0.007 -23"><span class='ocrx_word' id='word_1_161' title='bbox 217 2310 362 2390; x_wconf 74' lang='grc' dir='ltr'><strong><em>εἰπῆλδον</em></strong></span> <span class='ocrx_word' id='word_1_162' title='bbox 381 2303 494 2382; x_wconf 80' lang='grc' dir='ltr'><strong><em>πάντες</em></strong></span> <span class='ocrx_word' id='word_1_163' title='bbox 521 2305 551 2370; x_wconf 81' lang='grc' dir='ltr'><strong>οἱ</strong></span> <span class='ocrx_word' id='word_1_164' title='bbox 567 2304 717 2391; x_wconf 76' lang='grc' dir='ltr'><strong><em>ἄρχοντες</em></strong></span> <span class='ocrx_word' id='word_1_165' title='bbox 737 2309 771 2371; x_wconf 83' lang='grc' dir='ltr'><strong>ἐν</strong></span> <span class='ocrx_word' id='word_1_166' title='bbox 788 2309 827 2393; x_wconf 74' lang='grc' dir='ltr'><strong>τῇ</strong></span> <span class='ocrx_word' id='word_1_167' title='bbox 843 2303 1006 2392; x_wconf 80' lang='grc' dir='ltr'><strong><em>μαναόρρ.</em></strong></span> <span class='ocrx_word' id='word_1_168' title='bbox 1047 2303 1130 2369; x_wconf 78' lang='grc' dir='ltr'><strong><em>οἶδὲ</em></strong></span> <span class='ocrx_word' id='word_1_169' title='bbox 1154 2299 1305 2390; x_wconf 84' lang='grc' dir='ltr'><strong><em>φιλόχρι-</em></strong></span> 
     </span>
     <span class='ocr_line' id='line_1_21' title="bbox 174 2398 1306 2489; baseline -0.005 -19"><span class='ocrx_word' id='word_1_170' title='bbox 174 2428 285 2471; x_wconf 70' lang='lat' dir='ltr'><strong>noeros</strong></span> <span class='ocrx_word' id='word_1_171' title='bbox 301 2411 445 2487; x_wconf 81' lang='grc' dir='ltr'><strong><em>βασιλεῖς</em></strong></span> <span class='ocrx_word' id='word_1_172' title='bbox 465 2403 660 2489; x_wconf 72' lang='grc' dir='ltr'><strong><em>ιίπὴλθοσαν,</em></strong></span> <span class='ocrx_word' id='word_1_173' title='bbox 682 2403 744 2467; x_wconf 87' lang='grc' dir='ltr'><strong>ιίπό</strong></span> <span class='ocrx_word' id='word_1_174' title='bbox 764 2405 954 2488; x_wconf 80' lang='grc' dir='ltr'><strong><em>διβητησίων</em></strong></span> <span class='ocrx_word' id='word_1_175' title='bbox 976 2405 1234 2486; x_wconf 67' lang='grc' dir='ltr'><strong><em>περιβεβλημένοι</em></strong></span> <span class='ocrx_word' id='word_1_176' title='bbox 1249 2398 1306 2464; x_wconf 86' lang='grc' dir='ltr'><strong><em>καί</em></strong></span> 
     </span>
     <span class='ocr_line' id='line_1_22' title="bbox 213 2502 1303 2589; baseline -0.006 -21"><span class='ocrx_word' id='word_1_177' title='bbox 213 2502 253 2568; x_wconf 84' lang='grc' dir='ltr'><strong>τό</strong></span> <span class='ocrx_word' id='word_1_178' title='bbox 280 2507 585 2588; x_wconf 85' lang='grc' dir='ltr'><strong><em>χρυσοπερίκλειστα</em></strong></span> <span class='ocrx_word' id='word_1_179' title='bbox 613 2505 732 2585; x_wconf 76' lang='grc' dir='ltr'><strong><em>σαγία,</em></strong></span> <span class='ocrx_word' id='word_1_180' title='bbox 759 2503 947 2576; x_wconf 71' lang='grc' dir='ltr'><strong><em>καθίσαντες</em></strong></span> <span class='ocrx_word' id='word_1_181' title='bbox 974 2503 1007 2565; x_wconf 84' lang='grc' dir='ltr'><strong>ἐν</strong></span> <span class='ocrx_word' id='word_1_182' title='bbox 1032 2505 1076 2589; x_wconf 65' lang='lat' dir='ltr'><strong>rigi</strong></span> <span class='ocrx_word' id='word_1_183' title='bbox 1098 2503 1222 2564; x_wconf 75' lang='grc' dir='ltr'><strong><em>κοιτῶνι</em></strong></span> <span class='ocrx_word' id='word_1_184' title='bbox 1246 2502 1303 2582; x_wconf 77' lang='grc' dir='ltr'><strong>τῆς</strong></span> 
     </span>
     <span class='ocr_line' id='line_1_23' title="bbox 213 2597 1333 2686; baseline -0.005 -19"><span class='ocrx_word' id='word_1_185' title='bbox 213 2601 392 2686; x_wconf 81' lang='grc' dir='ltr'><strong><em>μαναόρας,</em></strong></span> <span class='ocrx_word' id='word_1_186' title='bbox 413 2603 470 2665; x_wconf 86' lang='grc' dir='ltr'><strong><em>καί</em></strong></span> <span class='ocrx_word' id='word_1_187' title='bbox 486 2600 525 2686; x_wconf 78' lang='grc' dir='ltr'><strong>δη</strong></span> <span class='ocrx_word' id='word_1_188' title='bbox 545 2600 649 2684; x_wconf 84' lang='grc' dir='ltr'><strong><em>πόσης</em></strong></span> <span class='ocrx_word' id='word_1_189' title='bbox 666 2605 722 2684; x_wconf 79' lang='grc' dir='ltr'><strong>τῆς</strong></span> <span class='ocrx_word' id='word_1_190' title='bbox 735 2597 956 2674; x_wconf 81' lang='grc' dir='ltr'><strong><em>καταστάσεως</em></strong></span> <span class='ocrx_word' id='word_1_191' title='bbox 967 2603 1022 2684; x_wconf 78' lang='grc' dir='ltr'><strong>τῆς</strong></span> <span class='ocrx_word' id='word_1_192' title='bbox 1037 2602 1133 2682; x_wconf 77' lang='grc' dir='ltr'><strong><em>δοχῆς</em></strong></span> <span class='ocrx_word' id='word_1_193' title='bbox 1144 2599 1333 2669; x_wconf 61' lang='lat' dir='ltr'><strong>retroiri-c</strong></span> 
     </span>
     <span class='ocr_line' id='line_1_24' title="bbox 213 2691 1302 2787; baseline -0.005 -21"><span class='ocrx_word' id='word_1_194' title='bbox 213 2727 287 2785; x_wconf 89' lang='grc' dir='ltr'><strong><em>σης,</em></strong></span> <span class='ocrx_word' id='word_1_195' title='bbox 319 2697 560 2787; x_wconf 80' lang='grc' dir='ltr'><strong><em>περιβάλλονται</em></strong></span> <span class='ocrx_word' id='word_1_196' title='bbox 587 2698 646 2777; x_wconf 82' lang='grc' dir='ltr'><strong>τός</strong></span> <span class='ocrx_word' id='word_1_197' title='bbox 673 2696 796 2764; x_wconf 60' lang='lat' dir='ltr'><strong>{amris</strong></span> <span class='ocrx_word' id='word_1_198' title='bbox 826 2695 996 2783; x_wconf 87' lang='grc' dir='ltr'><strong><em>χλαμόδας</em></strong></span> <span class='ocrx_word' id='word_1_199' title='bbox 1025 2697 1082 2761; x_wconf 86' lang='grc' dir='ltr'><strong><em>καί</em></strong></span> <span class='ocrx_word' id='word_1_200' title='bbox 1110 2693 1150 2762; x_wconf 83' lang='grc' dir='ltr'><strong>τό</strong></span> <span class='ocrx_word' id='word_1_201' title='bbox 1183 2691 1302 2762; x_wconf 87' lang='grc' dir='ltr'><strong><em>τοότων</em></strong></span> 
     </span>
     <span class='ocr_line' id='line_1_25' title="bbox 213 2793 1300 2888; baseline -0.003 -23"><span class='ocrx_word' id='word_1_202' title='bbox 213 2804 397 2884; x_wconf 76' lang='grc' dir='ltr'><strong><em>πέμματα,</em></strong></span> <span class='ocrx_word' id='word_1_203' title='bbox 424 2798 482 2865; x_wconf 87' lang='grc' dir='ltr'><strong><em>καί</em></strong></span> <span class='ocrx_word' id='word_1_204' title='bbox 507 2796 920 2876; x_wconf 53' lang='lat' dir='ltr'><strong>suessionensium&amp;</strong></span> <span class='ocrx_word' id='word_1_205' title='bbox 940 2802 985 2888; x_wconf 76' lang='grc' dir='ltr'><strong>τῷ</strong></span> <span class='ocrx_word' id='word_1_206' title='bbox 1006 2793 1300 2886; x_wconf 78' lang='grc' dir='ltr'><strong><em>νεοκατασκευιίστηι</em></strong></span> 
     </span>
    </p>
   </div>
   <div class='ocr_carea' id='block_1_3' title="bbox 210 3056 1300 4249">
    <p class='ocr_par' dir='ltr' id='par_1_3' title="bbox 210 3056 1300 4249">
     <span class='ocr_line' id='line_1_26' title="bbox 213 3056 1300 3132; baseline -0.008 -16"><span class='ocrx_word' id='word_1_207' title='bbox 213 3060 341 3116; x_wconf 83' lang='lat' dir='ltr'><strong>omnibns</strong></span> <span class='ocrx_word' id='word_1_208' title='bbox 359 3064 390 3116; x_wconf 87' lang='lat' dir='ltr'><strong>in</strong></span> <span class='ocrx_word' id='word_1_209' title='bbox 409 3063 564 3116; x_wconf 71' lang='lat' dir='ltr'><strong>mutatoriis</strong></span> <span class='ocrx_word' id='word_1_210' title='bbox 579 3061 616 3114; x_wconf 93' lang='lat' dir='ltr'><strong>ob</strong></span> <span class='ocrx_word' id='word_1_211' title='bbox 634 3059 717 3114; x_wconf 78' lang='lat' dir='ltr'><strong>festos</strong></span> <span class='ocrx_word' id='word_1_212' title='bbox 736 3060 797 3114; x_wconf 85' lang='lat' dir='ltr'><strong>dies</strong></span> <span class='ocrx_word' id='word_1_213' title='bbox 823 3059 1011 3116; x_wconf 79' lang='lat' dir='ltr'><strong>dodecoemeri</strong></span> <span class='ocrx_word' id='word_1_214' title='bbox 1037 3061 1202 3132; x_wconf 73' lang='lat' dir='ltr'><strong>progressis,</strong></span> <span class='ocrx_word' id='word_1_215' title='bbox 1233 3056 1300 3108; x_wconf 77' lang='lat' dir='ltr'><strong>hora</strong></span> 
     </span>
     <span class='ocr_line' id='line_1_27' title="bbox 214 3129 1299 3202; baseline -0.004 -20"><span class='ocrx_word' id='word_1_216' title='bbox 214 3130 336 3182; x_wconf 57' lang='lat' dir='ltr'><strong>“cunda</strong></span> <span class='ocrx_word' id='word_1_217' title='bbox 347 3133 456 3185; x_wconf 82' lang='lat' dir='ltr'><strong>Domini</strong></span> <span class='ocrx_word' id='word_1_218' title='bbox 469 3135 654 3202; x_wconf 66' lang='lat' dir='ltr'><strong>praepositum</strong></span> <span class='ocrx_word' id='word_1_219' title='bbox 669 3140 817 3194; x_wconf 88' lang='lat' dir='ltr'><strong>arcessunt,</strong></span> <span class='ocrx_word' id='word_1_220' title='bbox 835 3135 956 3202; x_wconf 87' lang='lat' dir='ltr'><strong>quicum</strong></span> <span class='ocrx_word' id='word_1_221' title='bbox 970 3134 1114 3200; x_wconf 79' lang='lat' dir='ltr'><strong>praefectis</strong></span> <span class='ocrx_word' id='word_1_222' title='bbox 1136 3129 1299 3183; x_wconf 85' lang='lat' dir='ltr'><strong>mutatoria-</strong></span> 
     </span>
     <span class='ocr_line' id='line_1_28' title="bbox 213 3202 1299 3272; baseline -0.002 -20"><span class='ocrx_word' id='word_1_223' title='bbox 213 3217 275 3252; x_wconf 87' lang='lat' dir='ltr'><strong>rnm</strong></span> <span class='ocrx_word' id='word_1_224' title='bbox 291 3202 441 3268; x_wconf 84' lang='lat' dir='ltr'><strong>ingressus,</strong></span> <span class='ocrx_word' id='word_1_225' title='bbox 460 3203 591 3256; x_wconf 80' lang='lat' dir='ltr'><strong>Dominus</strong></span> <span class='ocrx_word' id='word_1_226' title='bbox 604 3203 660 3252; x_wconf 75' lang='lat' dir='ltr'><strong>snio</strong></span> <span class='ocrx_word' id='word_1_227' title='bbox 673 3203 773 3254; x_wconf 81' lang='lat' dir='ltr'><strong>tunicis</strong></span> <span class='ocrx_word' id='word_1_228' title='bbox 795 3203 904 3264; x_wconf 83' lang='lat' dir='ltr'><strong>induit,</strong></span> <span class='ocrx_word' id='word_1_229' title='bbox 926 3205 1034 3272; x_wconf 77' lang='lat' dir='ltr'><strong>ipsique</strong></span> <span class='ocrx_word' id='word_1_230' title='bbox 1051 3204 1110 3253; x_wconf 89' lang='lat' dir='ltr'><strong>sine</strong></span> <span class='ocrx_word' id='word_1_231' title='bbox 1133 3216 1230 3268; x_wconf 90' lang='lat' dir='ltr'><strong>pompa</strong></span> <span class='ocrx_word' id='word_1_232' title='bbox 1250 3215 1299 3265; x_wconf 86' lang='lat' dir='ltr'><strong>per</strong></span> 
     </span>
     <span class='ocr_line' id='line_1_29' title="bbox 212 3267 1296 3340; baseline -0.003 -20"><span class='ocrx_word' id='word_1_233' title='bbox 212 3271 351 3338; x_wconf 85' lang='lat' dir='ltr'><strong>porticum</strong></span> <span class='ocrx_word' id='word_1_234' title='bbox 366 3269 508 3339; x_wconf 85' lang='lat' dir='ltr'><strong>obiongam</strong></span> <span class='ocrx_word' id='word_1_235' title='bbox 521 3272 642 3324; x_wconf 85' lang='lat' dir='ltr'><strong>cubicuii</strong></span> <span class='ocrx_word' id='word_1_236' title='bbox 655 3271 689 3321; x_wconf 87' lang='lat' dir='ltr'><strong>ad</strong></span> <span class='ocrx_word' id='word_1_237' title='bbox 702 3270 859 3323; x_wconf 80' lang='lat' dir='ltr'><strong>nartheeem</strong></span> <span class='ocrx_word' id='word_1_238' title='bbox 872 3279 1054 3324; x_wconf 88' lang='lat' dir='ltr'><strong>sacrosanctae</strong></span> <span class='ocrx_word' id='word_1_239' title='bbox 1066 3273 1199 3340; x_wconf 83' lang='lat' dir='ltr'><strong>Deiparae</strong></span> <span class='ocrx_word' id='word_1_240' title='bbox 1215 3267 1296 3336; x_wconf 83' lang='lat' dir='ltr'><strong>phari</strong></span> 
     </span>
     <span class='ocr_line' id='line_1_30' title="bbox 213 3337 1296 3410; baseline -0.001 -20"><span class='ocrx_word' id='word_1_241' title='bbox 213 3340 328 3392; x_wconf 72' lang='lat' dir='ltr'><strong>abeunt</strong></span> <span class='ocrx_word' id='word_1_242' title='bbox 346 3337 468 3407; x_wconf 73' lang='lat' dir='ltr'><strong>Magistri</strong></span> <span class='ocrx_word' id='word_1_243' title='bbox 484 3353 585 3407; x_wconf 85' lang='lat' dir='ltr'><strong>autem,</strong></span> <span class='ocrx_word' id='word_1_244' title='bbox 608 3343 718 3410; x_wconf 85' lang='lat' dir='ltr'><strong>patricii</strong></span> <span class='ocrx_word' id='word_1_245' title='bbox 732 3358 763 3392; x_wconf 88' lang='lat' dir='ltr'><strong>ac</strong></span> <span class='ocrx_word' id='word_1_246' title='bbox 779 3342 863 3392; x_wconf 88' lang='lat' dir='ltr'><strong>ceteri</strong></span> <span class='ocrx_word' id='word_1_247' title='bbox 877 3358 1000 3408; x_wconf 88' lang='lat' dir='ltr'><strong>proceres</strong></span> <span class='ocrx_word' id='word_1_248' title='bbox 1015 3361 1068 3393; x_wconf 90' lang='lat' dir='ltr'><strong>nna</strong></span> <span class='ocrx_word' id='word_1_249' title='bbox 1084 3359 1145 3393; x_wconf 89' lang='lat' dir='ltr'><strong>cum</strong></span> <span class='ocrx_word' id='word_1_250' title='bbox 1157 3339 1296 3400; x_wconf 83' lang='lat' dir='ltr'><strong>eubicuto,</strong></span> 
     </span>
     <span class='ocr_line' id='line_1_31' title="bbox 212 3407 1297 3478; baseline -0.003 -19"><span class='ocrx_word' id='word_1_251' title='bbox 212 3411 238 3460; x_wconf 89' lang='lat' dir='ltr'><strong>si</strong></span> <span class='ocrx_word' id='word_1_252' title='bbox 251 3418 490 3476; x_wconf 83' lang='lat' dir='ltr'><strong>tempnssereaum</strong></span> <span class='ocrx_word' id='word_1_253' title='bbox 500 3423 550 3476; x_wconf 85' lang='lat' dir='ltr'><strong>est,</strong></span> <span class='ocrx_word' id='word_1_254' title='bbox 567 3415 597 3464; x_wconf 89' lang='lat' dir='ltr'><strong>in</strong></span> <span class='ocrx_word' id='word_1_255' title='bbox 609 3413 710 3464; x_wconf 86' lang='lat' dir='ltr'><strong>soiario</strong></span> <span class='ocrx_word' id='word_1_256' title='bbox 721 3410 948 3478; x_wconf 75' lang='lat' dir='ltr'><strong>chrysotriciiuii3</strong></span> <span class='ocrx_word' id='word_1_257' title='bbox 967 3413 1009 3463; x_wconf 92' lang='lat' dir='ltr'><strong>sin</strong></span> <span class='ocrx_word' id='word_1_258' title='bbox 1025 3414 1124 3476; x_wconf 88' lang='lat' dir='ltr'><strong>minus,</strong></span> <span class='ocrx_word' id='word_1_259' title='bbox 1138 3413 1208 3462; x_wconf 84' lang='lat' dir='ltr'><strong>iutra</strong></span> <span class='ocrx_word' id='word_1_260' title='bbox 1217 3407 1297 3472; x_wconf 76' lang='lat' dir='ltr'><strong>chry-</strong></span> 
     </span>
     <span class='ocr_line' id='line_1_32' title="bbox 213 3479 1295 3550; baseline 0 -22"><span class='ocrx_word' id='word_1_261' title='bbox 213 3479 395 3530; x_wconf 80' lang='lat' dir='ltr'><strong>sotriclininm</strong></span> <span class='ocrx_word' id='word_1_262' title='bbox 425 3483 585 3536; x_wconf 86' lang='lat' dir='ltr'><strong>consistunt.</strong></span> <span class='ocrx_word' id='word_1_263' title='bbox 631 3482 677 3534; x_wconf 85' lang='lat' dir='ltr'><strong>Sic</strong></span> <span class='ocrx_word' id='word_1_264' title='bbox 704 3489 799 3550; x_wconf 86' lang='lat' dir='ltr'><strong>postea</strong></span> <span class='ocrx_word' id='word_1_265' title='bbox 821 3482 931 3534; x_wconf 85' lang='lat' dir='ltr'><strong>Domini</strong></span> <span class='ocrx_word' id='word_1_266' title='bbox 949 3501 964 3534; x_wconf 84' lang='lat' dir='ltr'><strong>a</strong></span> <span class='ocrx_word' id='word_1_267' title='bbox 982 3484 1084 3550; x_wconf 89' lang='lat' dir='ltr'><strong>templo</strong></span> <span class='ocrx_word' id='word_1_268' title='bbox 1110 3479 1295 3532; x_wconf 83' lang='lat' dir='ltr'><strong>sanctissimae</strong></span> 
     </span>
     <span class='ocr_line' id='line_1_33' title="bbox 212 3547 1294 3624; baseline -0.001 -25"><span class='ocrx_word' id='word_1_269' title='bbox 212 3549 351 3616; x_wconf 83' lang='lat' dir='ltr'><strong>Deiparac</strong></span> <span class='ocrx_word' id='word_1_270' title='bbox 363 3550 561 3616; x_wconf 78' lang='lat' dir='ltr'><strong>processionem</strong></span> <span class='ocrx_word' id='word_1_271' title='bbox 579 3553 716 3620; x_wconf 85' lang='lat' dir='ltr'><strong>incipiunt</strong></span> <span class='ocrx_word' id='word_1_272' title='bbox 727 3561 756 3603; x_wconf 88' lang='lat' dir='ltr'><strong>et</strong></span> <span class='ocrx_word' id='word_1_273' title='bbox 772 3567 831 3602; x_wconf 90' lang='lat' dir='ltr'><strong>cum</strong></span> <span class='ocrx_word' id='word_1_274' title='bbox 844 3569 941 3620; x_wconf 84' lang='lat' dir='ltr'><strong>pompa</strong></span> <span class='ocrx_word' id='word_1_275' title='bbox 958 3552 991 3604; x_wconf 80' lang='lat' dir='ltr'><strong>sd</strong></span> <span class='ocrx_word' id='word_1_276' title='bbox 1005 3553 1135 3622; x_wconf 88' lang='lat' dir='ltr'><strong>templum</strong></span> <span class='ocrx_word' id='word_1_277' title='bbox 1155 3549 1179 3596; x_wconf 92' lang='lat' dir='ltr'><strong>S.</strong></span> <span class='ocrx_word' id='word_1_278' title='bbox 1200 3547 1294 3624; x_wconf 67' lang='lat' dir='ltr'><strong>Bgaiiii</strong></span> 
     </span>
     <span class='ocr_line' id='line_1_34' title="bbox 212 3617 1295 3692; baseline 0.003 -26"><span class='ocrx_word' id='word_1_279' title='bbox 212 3617 334 3680; x_wconf 83' lang='lat' dir='ltr'><strong>abeunt,</strong></span> <span class='ocrx_word' id='word_1_280' title='bbox 352 3619 419 3680; x_wconf 84' lang='lat' dir='ltr'><strong>nbi,</strong></span> <span class='ocrx_word' id='word_1_281' title='bbox 440 3623 612 3688; x_wconf 77' lang='lat' dir='ltr'><strong>processione</strong></span> <span class='ocrx_word' id='word_1_282' title='bbox 627 3624 719 3685; x_wconf 82' lang='lat' dir='ltr'><strong>finita,</strong></span> <span class='ocrx_word' id='word_1_283' title='bbox 739 3623 874 3692; x_wconf 83' lang='lat' dir='ltr'><strong>usquead</strong></span> <span class='ocrx_word' id='word_1_284' title='bbox 891 3624 1036 3676; x_wconf 88' lang='lat' dir='ltr'><strong>lectionem</strong></span> <span class='ocrx_word' id='word_1_285' title='bbox 1055 3620 1140 3672; x_wconf 87' lang='lat' dir='ltr'><strong>sancti</strong></span> <span class='ocrx_word' id='word_1_286' title='bbox 1160 3617 1295 3684; x_wconf 87' lang='lat' dir='ltr'><strong>evangelii</strong></span> 
     </span>
     <span class='ocr_line' id='line_1_35' title="bbox 213 3685 1293 3762; baseline 0.001 -25"><span class='ocrx_word' id='word_1_287' title='bbox 213 3685 339 3750; x_wconf 65' lang='lat' dir='ltr'><strong>ariston,</strong></span> <span class='ocrx_word' id='word_1_288' title='bbox 361 3689 499 3758; x_wconf 81' lang='lat' dir='ltr'><strong>finitaque</strong></span> <span class='ocrx_word' id='word_1_289' title='bbox 512 3698 637 3757; x_wconf 77' lang='lat' dir='ltr'><strong>extensa,</strong></span> <span class='ocrx_word' id='word_1_290' title='bbox 655 3710 746 3746; x_wconf 85' lang='lat' dir='ltr'><strong>rursus</strong></span> <span class='ocrx_word' id='word_1_291' title='bbox 769 3693 828 3744; x_wconf 82' lang='lat' dir='ltr'><strong>sine</strong></span> <span class='ocrx_word' id='word_1_292' title='bbox 842 3709 939 3762; x_wconf 88' lang='lat' dir='ltr'><strong>pompa</strong></span> <span class='ocrx_word' id='word_1_293' title='bbox 956 3692 991 3744; x_wconf 82' lang='lat' dir='ltr'><strong>ad</strong></span> <span class='ocrx_word' id='word_1_294' title='bbox 1007 3706 1118 3742; x_wconf 81' lang='lat' dir='ltr'><strong>aureum</strong></span> <span class='ocrx_word' id='word_1_295' title='bbox 1142 3687 1293 3739; x_wconf 88' lang='lat' dir='ltr'><strong>triclinium</strong></span> 
     </span>
     <span class='ocr_line' id='line_1_36' title="bbox 211 3756 1293 3824; baseline 0.001 -16"><span class='ocrx_word' id='word_1_296' title='bbox 211 3756 339 3808; x_wconf 80' lang='lat' dir='ltr'><strong>redeunt.</strong></span> <span class='ocrx_word' id='word_1_297' title='bbox 376 3759 483 3811; x_wconf 75' lang='lat' dir='ltr'><strong>Accidit</strong></span> <span class='ocrx_word' id='word_1_298' title='bbox 494 3769 584 3811; x_wconf 88' lang='lat' dir='ltr'><strong>antem</strong></span> <span class='ocrx_word' id='word_1_299' title='bbox 601 3761 653 3814; x_wconf 82' lang='lat' dir='ltr'><strong>hoe</strong></span> <span class='ocrx_word' id='word_1_300' title='bbox 665 3764 710 3815; x_wconf 82' lang='lat' dir='ltr'><strong>riie</strong></span> <span class='ocrx_word' id='word_1_301' title='bbox 723 3760 873 3814; x_wconf 79' lang='lat' dir='ltr'><strong>indictione</strong></span> <span class='ocrx_word' id='word_1_302' title='bbox 896 3764 985 3824; x_wconf 86' lang='lat' dir='ltr'><strong>tertia,</strong></span> <span class='ocrx_word' id='word_1_303' title='bbox 1005 3761 1082 3811; x_wconf 83' lang='lat' dir='ltr'><strong>finita</strong></span> <span class='ocrx_word' id='word_1_304' title='bbox 1105 3757 1293 3824; x_wconf 86' lang='lat' dir='ltr'><strong>processione,</strong></span> 
     </span>
     <span class='ocr_line' id='line_1_37' title="bbox 211 3826 1293 3901; baseline 0.004 -25"><span class='ocrx_word' id='word_1_305' title='bbox 211 3827 286 3878; x_wconf 85' lang='lat' dir='ltr'><strong>sicut</strong></span> <span class='ocrx_word' id='word_1_306' title='bbox 308 3826 424 3880; x_wconf 84' lang='lat' dir='ltr'><strong>relatum</strong></span> <span class='ocrx_word' id='word_1_307' title='bbox 445 3838 501 3892; x_wconf 85' lang='lat' dir='ltr'><strong>est,</strong></span> <span class='ocrx_word' id='word_1_308' title='bbox 519 3836 551 3880; x_wconf 89' lang='lat' dir='ltr'><strong>nt</strong></span> <span class='ocrx_word' id='word_1_309' title='bbox 570 3840 632 3895; x_wconf 85' lang='lat' dir='ltr'><strong>post</strong></span> <span class='ocrx_word' id='word_1_310' title='bbox 657 3833 817 3885; x_wconf 80' lang='lat' dir='ltr'><strong>cerimonias</strong></span> <span class='ocrx_word' id='word_1_311' title='bbox 836 3848 921 3885; x_wconf 84' lang='lat' dir='ltr'><strong>sacras</strong></span> <span class='ocrx_word' id='word_1_312' title='bbox 943 3839 1063 3901; x_wconf 87' lang='lat' dir='ltr'><strong>peractas</strong></span> <span class='ocrx_word' id='word_1_313' title='bbox 1082 3830 1293 3880; x_wconf 84' lang='lat' dir='ltr'><strong>metastasimuns</strong></span> 
     </span>
     <span class='ocr_line' id='line_1_38' title="bbox 211 3897 1293 3973; baseline 0 -25"><span class='ocrx_word' id='word_1_314' title='bbox 211 3897 292 3948; x_wconf 83' lang='lat' dir='ltr'><strong>iicret</strong></span> <span class='ocrx_word' id='word_1_315' title='bbox 299 3933 308 3960; x_wconf 97' lang='lat'><strong>,</strong></span> <span class='ocrx_word' id='word_1_316' title='bbox 325 3903 356 3947; x_wconf 83' lang='lat' dir='ltr'><strong>et</strong></span> <span class='ocrx_word' id='word_1_317' title='bbox 367 3913 459 3950; x_wconf 87' lang='lat' dir='ltr'><strong>omnes</strong></span> <span class='ocrx_word' id='word_1_318' title='bbox 473 3915 599 3968; x_wconf 83' lang='lat' dir='ltr'><strong>proceres</strong></span> <span class='ocrx_word' id='word_1_319' title='bbox 611 3899 645 3951; x_wconf 81' lang='lat' dir='ltr'><strong>ad</strong></span> <span class='ocrx_word' id='word_1_320' title='bbox 656 3919 827 3973; x_wconf 75' lang='lat' dir='ltr'><strong>magnauram</strong></span> <span class='ocrx_word' id='word_1_321' title='bbox 837 3902 950 3954; x_wconf 81' lang='lat' dir='ltr'><strong>abirent</strong></span> <span class='ocrx_word' id='word_1_322' title='bbox 986 3901 1100 3952; x_wconf 86' lang='lat' dir='ltr'><strong>Domini</strong></span> <span class='ocrx_word' id='word_1_323' title='bbox 1109 3907 1199 3949; x_wconf 83' lang='lat' dir='ltr'><strong>nutem</strong></span> <span class='ocrx_word' id='word_1_324' title='bbox 1211 3897 1293 3952; x_wconf 84' lang='lat' dir='ltr'><strong>Chri·</strong></span> 
     </span>
     <span class='ocr_line' id='line_1_39' title="bbox 211 3968 1291 4040; baseline 0 -22"><span class='ocrx_word' id='word_1_325' title='bbox 211 3975 283 4018; x_wconf 82' lang='lat' dir='ltr'><strong>stom</strong></span> <span class='ocrx_word' id='word_1_326' title='bbox 303 3975 424 4018; x_wconf 78' lang='lat' dir='ltr'><strong>amantes</strong></span> <span class='ocrx_word' id='word_1_327' title='bbox 443 3969 587 4021; x_wconf 86' lang='lat' dir='ltr'><strong>dibetesiis</strong></span> <span class='ocrx_word' id='word_1_328' title='bbox 606 3973 729 4038; x_wconf 81' lang='lat' dir='ltr'><strong>rogisque</strong></span> <span class='ocrx_word' id='word_1_329' title='bbox 747 3989 812 4024; x_wconf 85' lang='lat' dir='ltr'><strong>auro</strong></span> <span class='ocrx_word' id='word_1_330' title='bbox 831 3971 980 4040; x_wconf 70' lang='lat' dir='ltr'><strong>praetextis</strong></span> <span class='ocrx_word' id='word_1_331' title='bbox 996 3969 1087 4022; x_wconf 88' lang='lat' dir='ltr'><strong>induti</strong></span> <span class='ocrx_word' id='word_1_332' title='bbox 1109 3968 1218 4032; x_wconf 88' lang='lat' dir='ltr'><strong>abiere,</strong></span> <span class='ocrx_word' id='word_1_333' title='bbox 1245 3971 1291 4019; x_wconf 91' lang='lat' dir='ltr'><strong>in·</strong></span> 
     </span>
     <span class='ocr_line' id='line_1_40' title="bbox 211 4035 1291 4112; baseline 0.002 -26"><span class='ocrx_word' id='word_1_334' title='bbox 211 4051 267 4106; x_wconf 82' lang='lat' dir='ltr'><strong>qno</strong></span> <span class='ocrx_word' id='word_1_335' title='bbox 284 4035 411 4088; x_wconf 81' lang='lat' dir='ltr'><strong>cubiculo</strong></span> <span class='ocrx_word' id='word_1_336' title='bbox 430 4055 592 4109; x_wconf 80' lang='lat' dir='ltr'><strong>magnaurae</strong></span> <span class='ocrx_word' id='word_1_337' title='bbox 610 4041 806 4102; x_wconf 83' lang='lat' dir='ltr'><strong>consederunt,</strong></span> <span class='ocrx_word' id='word_1_338' title='bbox 824 4045 953 4112; x_wconf 89' lang='lat' dir='ltr'><strong>omnique</strong></span> <span class='ocrx_word' id='word_1_339' title='bbox 972 4041 1135 4108; x_wconf 74' lang='lat' dir='ltr'><strong>receptionis</strong></span> <span class='ocrx_word' id='word_1_340' title='bbox 1154 4040 1207 4090; x_wconf 87' lang='lat' dir='ltr'><strong>ritu</strong></span> <span class='ocrx_word' id='word_1_341' title='bbox 1226 4054 1291 4104; x_wconf 89' lang='lat' dir='ltr'><strong>per-</strong></span> 
     </span>
     <span class='ocr_line' id='line_1_41' title="bbox 210 4104 1291 4180; baseline -0.012 -12"><span class='ocrx_word' id='word_1_342' title='bbox 210 4113 281 4167; x_wconf 70' lang='lat'>⁸⁰²⁰2</span> <span class='ocrx_word' id='word_1_343' title='bbox 300 4107 408 4158; x_wconf 70' lang='lat' dir='ltr'><strong>tunicas</strong></span> <span class='ocrx_word' id='word_1_344' title='bbox 425 4125 485 4162; x_wconf 85' lang='lat' dir='ltr'><strong>snas</strong></span> <span class='ocrx_word' id='word_1_345' title='bbox 503 4119 532 4164; x_wconf 86' lang='lat' dir='ltr'><strong>et</strong></span> <span class='ocrx_word' id='word_1_346' title='bbox 549 4126 620 4180; x_wconf 86' lang='lat' dir='ltr'><strong>qnae</strong></span> <span class='ocrx_word' id='word_1_347' title='bbox 637 4112 671 4162; x_wconf 86' lang='lat' dir='ltr'><strong>ad</strong></span> <span class='ocrx_word' id='word_1_348' title='bbox 688 4129 733 4162; x_wconf 88' lang='lat' dir='ltr'><strong>eas</strong></span> <span class='ocrx_word' id='word_1_349' title='bbox 750 4111 899 4179; x_wconf 84' lang='lat' dir='ltr'><strong>pertinent,</strong></span> <span class='ocrx_word' id='word_1_350' title='bbox 917 4127 1029 4162; x_wconf 83' lang='lat' dir='ltr'><strong>coronas</strong></span> <span class='ocrx_word' id='word_1_351' title='bbox 1046 4126 1173 4170; x_wconf 83' lang='lat' dir='ltr'><strong>sumsere,</strong></span> <span class='ocrx_word' id='word_1_352' title='bbox 1195 4117 1223 4159; x_wconf 88' lang='lat' dir='ltr'><strong>ct</strong></span> <span class='ocrx_word' id='word_1_353' title='bbox 1239 4104 1291 4156; x_wconf 78' lang='lat' dir='ltr'><strong>atl-</strong></span> 
     </span>
     <span class='ocr_line' id='line_1_42' title="bbox 210 4173 1288 4249; baseline 0.003 -24"><span class='ocrx_word' id='word_1_354' title='bbox 210 4173 372 4227; x_wconf 68' lang='lat' dir='ltr'><strong>monentes</strong></span> <span class='ocrx_word' id='word_1_355' title='bbox 400 4194 493 4233; x_wconf 84' lang='lat' dir='ltr'><strong>recens</strong></span> <span class='ocrx_word' id='word_1_356' title='bbox 515 4188 640 4249; x_wconf 79' lang='lat' dir='ltr'><strong>paratum</strong></span> <span class='ocrx_word' id='word_1_357' title='bbox 663 4181 807 4243; x_wconf 84' lang='lat' dir='ltr'><strong>thronum,</strong></span> <span class='ocrx_word' id='word_1_358' title='bbox 825 4185 855 4237; x_wconf 87' lang='lat' dir='ltr'><strong>in</strong></span> <span class='ocrx_word' id='word_1_359' title='bbox 879 4182 970 4234; x_wconf 80' lang='lat' dir='ltr'><strong>medio</strong></span> <span class='ocrx_word' id='word_1_360' title='bbox 989 4180 1109 4233; x_wconf 89' lang='lat' dir='ltr'><strong>triclinio</strong></span> <span class='ocrx_word' id='word_1_361' title='bbox 1126 4191 1288 4246; x_wconf 78' lang='lat' dir='ltr'><strong>magnaurae</strong></span> 
     </span>
    </p>
   </div>
   <div class='ocr_carea' id='block_1_4' title="bbox 210 4243 1287 4311">
    <p class='ocr_par' dir='ltr' id='par_1_4' title="bbox 210 4243 1287 4311">
     <span class='ocr_line' id='line_1_43' title="bbox 210 4243 1287 4311; baseline -0.012 2"><span class='ocrx_word' id='word_1_362' title='bbox 210 4243 382 4311; x_wconf 53' lang='lat' dir='ltr'><strong>“flitmum</strong></span> <span class='ocrx_word' id='word_1_363' title='bbox 399 4247 442 4304; x_wconf 79' lang='lat' dir='ltr'><strong>ibi</strong></span> <span class='ocrx_word' id='word_1_364' title='bbox 461 4249 651 4308; x_wconf 76' lang='lat' dir='ltr'><strong>consternet</strong></span> <span class='ocrx_word' id='word_1_365' title='bbox 687 4252 796 4308; x_wconf 81' lang='lat' dir='ltr'><strong>iutsrca</strong></span> <span class='ocrx_word' id='word_1_366' title='bbox 824 4252 1029 4310; x_wconf 77' lang='lat' dir='ltr'><strong>cerimoniarius</strong></span> <span class='ocrx_word' id='word_1_367' title='bbox 1053 4257 1130 4307; x_wconf 76' lang='lat' dir='ltr'><strong>extra</strong></span> <span class='ocrx_word' id='word_1_368' title='bbox 1146 4248 1208 4306; x_wconf 85' lang='lat' dir='ltr'><strong>reia</strong></span> <span class='ocrx_word' id='word_1_369' title='bbox 1227 4263 1287 4301; x_wconf 86' lang='lat' dir='ltr'><strong>ma·</strong></span> 
     </span>
    </p>
   </div>
   <div class='ocr_carea' id='block_1_5' title="bbox 0 0 1568 4917">
    <p class='ocr_par' dir='ltr' id='par_1_5' title="bbox 0 0 1568 4917">
     <span class='ocr_line' id='line_1_44' title="bbox 0 0 1568 4917; baseline 0 3"><span class='ocrx_word' id='word_1_370' title='bbox 0 0 1568 4917; x_wconf 95' lang='lat' dir='ltr'><strong> </strong></span> 
     </span>
    </p>
   </div>
  </div>
 </body>
</html>
