3125 4917
259 364 344 451 238
473 390 743 459 consummi
773 392 1138 461 ronrurnocnunr

254 542 391 634 ποσδτιρ,
411 548 467 610 καί
485 542 502 609 δ
521 542 730 629 πραιπδσιτος
751 546 795 631 τῷ
816 546 870 628 τῆς
890 545 1125 630 καταστάσεως,
1147 543 1203 612 καὶ
1219 546 1346 633 ι’·παάρει

252 638 348 727 cirria
366 642 586 716 καταστάσεως
615 640 697 720 μετά
725 645 782 707 τοῦ
803 648 1063 731 σεκουνδήκηριόν
1094 645 1150 711 τόν
1171 643 1345 730 προβαλλό-

252 765 346 825 μενον
366 744 539 822 πατρίκιοι,
561 741 616 805 καί
634 743 758 804 ἵσταται
778 744 877 821 μιάον
897 746 955 807 τοῦ
976 747 1147 827 σεκρδτου,
1170 741 1345 829 κρατοδμε..

252 861 305 914 νος
324 837 387 903 άπὸ
407 842 464 901 τοῦ
483 842 539 919 τῆς
568 837 786 914 καταστάσεως
814 840 869 904 καί
901 848 957 907 τοῦ
979 838 1088 929 ἱτὲροο
1113 844 1344 927 σιλεντιαράνα·

254 930 315 1001 ιιάν
333 962 368 1001 τε
389 931 434 1011 εἷς
453 938 549 1017 ἐστιν,
570 929 630 1000 κάν
650 961 684 1000 τε
706 936 774 1018 δύο,
795 931 853 1002 κάν
871 964 907 1004 τε
928 948 1023 1026 τρεῖς,
1044 939 1099 1005 καὶ
1114 936 1208 1007 αὐτοὶ
1221 946 1365 1009 norum-5

253 1036 400 1121 ἔρχονται
431 1030 494 1098 άπὸ
513 1034 738 1119 ,σιλεντιαράνυ
764 1041 991 1120 κρατούμενοι,
1030 1039 1088 1103 καί
1117 1044 1286 1104 πίπτουσιν
1314 1037 1346 1103 οἱ

253 1131 503 1216 προβαλλόμενοι
524 1132 582 1197 καὶ
598 1130 692 1214 μόνον
698 1184 709 1215 ,
744 1134 801 1200 aar*
828 1133 988 1219 εἰσάγουσι
1018 1136 1072 1203 τὸν
1092 1142 1216 1221 πρῶτον
1236 1138 1346 1201 adroic

252 1227 435 1315 ἔμπροσθεν
455 1234 516 1295 τοῦ
533 1231 710 1297 ὑποποδίου
730 1234 794 1297 τῶν
813 1236 993 1316 δεσποτῶν,
1014 1237 1069 1301 καί
1088 1241 1194 1301 πίπτει
1214 1238 1271 1300 καί
1290 1258 1347 1319 φι-

216 1334 305 1395 utet
320 1327 395 1404 τοδς
415 1332 517 1406 πόδας
544 1330 601 1396 καὶ
630 1329 671 1395 τά
702 1330 761 1396 δδο
789 1330 905 1415 γόνατα
933 1338 992 1399 τοῦ
1018 1335 1156 1416 μεγάλου
1178 1338 1346 1417 βασιλέως,

251 1421 370 1509 δμοίως
389 1430 444 1492 καί
463 1430 524 1493 rod
542 1432 679 1515 μικροῦ,
705 1429 761 1495 κατ’
778 1430 920 1516 ἐγερθεάς
940 1428 1039 1496 άπλοῖ
1052 1432 1111 1507 τάς
1127 1438 1272 1516 χεῖρας,
1292 1429 1385 1495 unito

250 1525 407 1606 λαμβάνει
435 1525 476 1590 τά
505 1530 692 1593 κωδικέλλια
719 1527 806 1615 παρά
834 1532 897 1594 τοῖν
928 1532 1086 1595 δεσποτῶν
1107 1529 1163 1593 καί
1181 1536 1273 1616 φιλεῖ
1287 1526 1347 1606 τάς

248 1632 363 1708 χεῖρας
383 1624 501 1689 αὐτῶν.
553 1630 636 1715 (Γ.)
668 1630 741 1693 Καὶ
759 1630 884 1714 ἵστησιν
904 1626 1020 1711 αδτδν,
1050 1622 1129 1692 ὅπου
1150 1630 1295 1693 ἵστανται
1316 1626 1347 1690 οἱ

249 1724 374 1804 λοιποί,
395 1726 452 1787 καί
470 1723 593 1816 εἰσάγει
612 1724 667 1792 τὸν
687 1727 848 1812 δεύτερον,
877 1729 933 1792 καί
952 1730 1128 1813 προσφέρει
1149 1720 1292 1792 κάκεῖνον
1312 1728 1347 1791 ἐν

249 1821 294 1907 τῷ
313 1819 496 1911 δποποδάηι,
526 1826 583 1887 καί
601 1825 709 1889 πίπτει
729 1829 786 1889 aaa*
805 1833 897 1914 φιλεῖ
912 1822 988 1901 τοάς
1016 1826 1118 1900 πόδας
1151 1822 1264 1905 ὁμοίως
1291 1824 1346 1887 καί

248 1916 289 1982 τά
308 1918 425 2001 γόνατα
453 1924 517 1985 τιόν
538 1922 597 1985 δύο
618 1928 797 2005 δεσποτῶν,
819 1928 876 1989 καί
893 1923 1000 2007 λαβών
1021 1924 1061 1988 τά
1084 1927 1269 1989 κονδικὲλλια
1290 1922 1383 2007 ιρι-15

248 2020 303 2079 λεῖ
316 2015 375 2092 τάς
392 2026 516 2104 χεῖρας,
537 2020 594 2085 καί
619 2016 833 2088 incomoda·
848 2018 997 2105 κάκεῖνος,
1019 2022 1136 2104 ὁμοίως
1156 2024 1211 2084 κατ’
1230 2016 1259 2083 οἱ
1280 2026 1347 2083 λοι·
1381 2084 1385 2093 .

248 2114 312 2195 nor',
336 2110 406 2179 door
427 2114 482 2181 ἐάν
503 2120 576 2203 εἱσι,
597 2125 745 2207 ποιοῦσιν
767 2119 879 2202 οὕτως,
899 2116 957 2185 κάν
976 2144 1009 2184 τι
1029 2128 1127 2202 τρεῖς,
1150 2109 1210 2181 κάν
1225 2140 1257 2180 τι
1274 2122 1346 2180 τέσ-

103 2220 363 2297 Εδ.1ι.ι4οσαρες.
404 2220 462 2280 καί
491 2212 544 2281 circ
573 2217 714 2298 λάβωσιν
744 2218 775 2280 οἱ
797 2214 973 2301 α’μιρότεροι
1000 2212 1040 2280 τά
1073 2217 1260 2279 κιοδικὲλλια
1293 2214 1350 2278 ιἰαἰ

247 2312 420 2390 mianton,
441 2312 616 2393 εἰσάγονται
641 2310 704 2375 cinci
723 2336 756 2376 τε
771 2314 831 2377 τοῦ
848 2311 1026 2398 μαγδστροσ
1050 2318 1147 2398 μέχρι
1166 2315 1229 2377 τῶν
1250 2311 1348 2395 ἐσχά-

247 2431 313 2472 τοον
335 2410 552 2491 συγκλητικῶν
580 2406 760 2495 ἔμπροσθεν
791 2414 854 2474 ταῖν
875 2414 1055 2493 δεσποτῶν,
1077 2410 1283 2497 κρατούμενοι
1307 2408 1383 2471 d-ao

246 2501 290 2571 πά
320 2506 558 2593 σιλεντιοιράον,
594 2502 925 2594 άπευχαριστοῦντες.
973 2513 1030 2573 καί
1061 2504 1112 2573 ὅτε
1141 2506 1290 2591 πληρώση
1322 2505 1341 2589 ἦ

248 2600 422 2688 σύγκλητος
450 2602 509 2689 viv
536 2604 769 2691 εδχαριστάιν,
798 2612 973 2691 προσφέρει
995 2606 1090 2669 πάλιν
1119 2603 1212 2686 iris
1244 2627 1342 2666 ma·

249 2700 392 2779 στάσεως
411 2701 467 2768 τδν
486 2709 705 2791 προβληθέν-τα
729 2708 871 2788 πρῶτον,
896 2700 953 2766 aar*
971 2703 1078 2766 πίπτει
1097 2704 1132 2767 ἐν
1156 2702 1200 2788 τῷ
1223 2696 1342 2769 duono-

322 2904 345 2941 t·
364 2883 381 2935 δ
398 2884 430 2937 δὲ
446 2885 487 2956 τρῖ
502 2886 550 2949 τῆς
568 2883 610 2935 cd.
698 2902 723 2954 9.
743 2885 792 2935 καὶ
810 2881 862 2936 δδσ
883 2882 926 2935 ccl.

246 3039 353 3107 signum
373 3036 455 3101 dant,
475 3040 680 3093 cerimoninrius
698 3055 759 3090 cum
777 3037 965 3090 secundicerio
983 3047 1136 3107 promotum
1152 3039 1296 3108 patricium
1315 3044 1342 3093 io

247 3110 370 3161 antediem
389 3120 522 3163 secretum
540 3110 682 3179 perducit,
707 3126 722 3160 a
746 3111 874 3177 magistro
899 3111 1106 3161 cerimoniarum
1126 3112 1342 3180 alioquesilcn-

247 3180 330 3230 tiario
358 3180 493 3248 stipatus:
517 3182 597 3251 sique
617 3198 686 3231 unrrs
705 3189 762 3242 cst,
781 3188 829 3229 out
850 3178 904 3232 duo
924 3188 1029 3240 tresve,
1048 3196 1159 3241 ornnes,
1185 3181 1342 3231 silentiariis

247 3251 362 3318 stipati,
379 3268 432 3301 uus
452 3253 572 3313 intrant,
590 3250 730 3302 candidati
748 3250 831 3299 sernel
853 3266 881 3299 sc
900 3258 1096 3316 prosternunt,
1124 3258 1151 3302 ct
1171 3253 1273 3318 priorus
1292 3269 1343 3300 co-

247 3335 308 3370 rnnr
327 3320 361 3370 ad
380 3322 530 3373 scabellum
549 3322 727 3374 Dominarum
757 3317 935 3387 perducitur,
959 3320 981 3368 is
1009 3318 1093 3387 perles
1112 3329 1140 3371 et
1159 3322 1238 3373 norbo
1255 3336 1341 3386 genua

246 3389 337 3453 magni
355 3406 386 3439 ac
404 3392 519 3441 minoris
538 3391 712 3458 imperatoris
731 3390 881 3449 osculatus,
900 3390 1001 3454 surgit,
1027 3396 1054 3438 cl
1073 3393 1199 3458 expausis
1219 3390 1340 3441 manilius

248 3458 390 3510 codicillos
409 3476 424 3508 n
443 3462 567 3511 Dominis
581 3462 697 3527 accipit,
717 3474 866 3525 corumque
880 3475 973 3507 manus
994 3460 1139 3510 osculatur.
1175 3460 1245 3529 (tlt).
1264 3458 1342 3509 Tune

247 3532 338 3598 ipsum
360 3529 564 3580 cerinroniarius
591 3548 624 3579 co
642 3530 670 3579 in
689 3530 765 3589 luco,
794 3527 841 3578 uti
862 3529 962 3609 rcliqui
980 3536 1067 3589 stant,
1089 3531 1232 3581 constituit
1252 3536 1280 3578 ct
1297 3546 1341 3577 se-

248 3601 367 3650 cundnm
392 3598 539 3649 adcloctum
566 3601 593 3649 in
620 3598 739 3649 scabello
759 3598 891 3659 collocat,
921 3613 943 3646 ιι
964 3599 1133 3665 procumbit,
1163 3618 1193 3651 ac
1212 3598 1293 3665 pcdcs
1312 3604 1341 3649 et

246 3686 333 3736 genua
352 3668 530 3720 Dominarum
548 3670 701 3731 osculatur,
726 3666 861 3721 codicillis
886 3682 949 3718 vcro
967 3672 1100 3737 acceptis,
1119 3686 1212 3719 suanos
1233 3667 1341 3717 ‹rs-cirla-

245 3746 338 3789 toret
356 3738 432 3790 abit:
451 3741 490 3789 sic
509 3740 590 3791 ctiam
611 3739 721 3808 reliqui,
741 3744 878 3805 quotquot
898 3754 992 3788 cortun
1011 3747 1090 3798 sunt,
1110 3747 1162 3787 tros
1180 3746 1341 3805 ‹uratum-rc,

244 3807 358 3864 iaciunt„
378 3810 465 3860 llrnlro
484 3806 547 3861 reru
567 3809 854 3879 postquamdomnus
874 3806 1018 3867 codicillis,
1034 3808 1229 3865 corrutitccnut,
1248 3823 1262 3856 a
1282 3824 1341 3859 rnn-

243 3877 328 3945 gistro
347 3890 486 3930 senatores
507 3897 615 3941 ornnes,
635 3897 650 3928 a
669 3880 756 3946 prirno
775 3876 810 3927 ad
831 3878 980 3939 uitiorum,
1003 3880 1221 3942 inconspectum
1241 3878 1343 3929 Durni-

245 3962 360 4004 ncrum,
388 3951 483 4013 stirrati
511 3951 689 4010 silentiariis,
718 3948 854 3999 ducuntur
873 3956 901 3998 ct
920 3949 1016 4015 gratias
1035 3954 1124 4011 agunt.
1163 3944 1224 4011 Qua
1244 3950 1342 4013 gratia·

247 4030 307 4067 rum
326 4016 433 4064 actione
452 4035 467 4065 n
487 4030 582 4069 senatu
602 4027 729 4087 peracta,
749 4018 956 4072 ccriruoniarius
975 4017 1090 4082 prirnrun
1105 4030 1119 4063 c
1137 4020 1269 4081 promotis
1289 4018 1341 4069 itc-

248 4101 307 4137 rum
324 4081 456 4147 adducit,
477 4087 499 4135 is
521 4088 548 4135 in
568 4090 689 4138 scabello
703 4106 731 4139 sc
750 4088 913 4155 prosternit,
933 4085 1060 4153 pedesne
1079 4100 1165 4151 genua
1184 4087 1272 4153 rnagni
1292 4104 1341 4138 ac·

249 4172 304 4225 quc
323 4171 353 4205 ac
370 4155 482 4204 minoris
510 4156 682 4222 imperaturis
714 4160 873 4219 osculatur,
899 4170 930 4203 ae
948 4152 1070 4203 Dominis
1079 4188 1088 4215 ,
1117 4171 1187 4207 nova
1206 4156 1340 4225 dignitate
1373 4148 1375 4157 ’

249 4231 376 4289 ornatus,
393 4224 483 4278 fausta
500 4231 634 4297 precatur.
672 4227 751 4280 Tunc
769 4224 976 4279 cerimoninrios
994 4224 1086 4294 ipsum
1102 4223 1133 4277 in
1160 4222 1238 4297 loco,
1258 4242 1341 4297 qucm
