3125 4917
262 373 345 478 ult
463 401 734 472 ooasrauuar
762 401 1129 469 ronrnraoomnr

255 554 275 620 δ
296 556 333 622 δέ
349 556 557 642 αραιπόσιτος
572 561 656 638 λέγει
678 558 723 643 τῷ
745 559 804 640 τῆς
823 555 1068 638 καταστάσεως,
1099 545 1238 628 κάκεΐνος
1262 557 1346 632 λαμ·

255 652 345 735 βόνει
369 651 468 717 αἰτόν
484 652 547 718 άπὸ
564 657 619 736 τῆς
636 652 776 731 στάσεως
802 656 904 720 adseri
924 651 1003 734 μετά
1033 649 1263 736 σιλεντιαρίον,
1290 647 1348 713 καί

254 752 378 835 ἰστησιν
395 749 495 814 αάτὸν
513 753 654 818 κάτωθεν
678 757 736 816 τοῦ
756 754 928 818 πουλπίτοα
951 751 1130 836 ἐλιπροσδεν
1147 751 1210 813 τάν
1233 771 1348 830 πατρι-

254 853 347 931 κίων,
379 849 436 914 καί
452 849 573 928 εὐθέως
593 851 813 916 έπιδιδωσινδ
837 852 1042 937 πραιπὸσιτος
1069 851 1111 939 τῷ
1132 852 1261 930 βασιλεῖ
1282 869 1348 909 οτι-

252 947 350 1032 χάριν
378 947 435 1012 καί
461 949 639 1032 βαλτίδιον,
672 949 743 1014 ridi
762 953 818 1034 τῆς
840 947 1084 1038 καταστάσεως,
1114 944 1272 1031 κρατήσας
1293 941 1369 1020 15⁷5

250 1048 403 1126 μέλλοντα
431 1051 671 1131 προβληθηναι,
699 1041 771 1131 ἄγει
801 1043 902 1112 αάτὸν
918 1047 1007 1132 inpie
1040 1045 1267 1130 τὸνβασιλέα,
1296 1037 1354 1104 καί

251 1146 473 1228 προσκυνήσας
500 1142 575 1222 τοὺς
594 1145 697 1222 πόδας
716 1147 776 1210 τοῦ
798 1151 956 1228 βασιλέως
975 1149 1033 1212 καί
1051 1142 1272 1224 ἀσπασάμενος
1294 1140 1352 1208 αδ.

226 1240 344 1322 arole,
378 1236 562 1310 decorarat.
603 1241 674 1309 εἶτα
702 1244 809 1327 λαβών
829 1243 865 1309 τὸ
894 1245 1045 1330 στιχάριν
1064 1241 1144 1326 μετά
1166 1242 1224 1306 τοῦ
1242 1243 1353 1322 βαλτι-

254 1341 326 1405 διὀο
348 1343 384 1405 ἰκ
403 1343 466 1405 τοόν
484 1343 603 1428 χειροῖν
622 1345 682 1406 τοῦ
700 1345 868 1426 βασιλέως,
890 1350 983 1428 φιλεῖ
997 1340 1074 1417 τούς
1094 1339 1195 1417 πόδας
1216 1341 1272 1402 τοῦ
1293 1340 1352 1416 βα·

254 1442 381 1521 σιλέεος,
418 1439 527 1521 λαβών
548 1442 584 1505 δὲ
605 1434 703 1504 adria
723 1439 817 1504 πάλιν
836 1439 853 1506 δ
873 1443 930 1525 τῆς
956 1437 1178 1514 καταπόσεως
1197 1460 1276 1518 μετα
1297 1456 1391 1505 οι·ιο

251 1535 449 1622 λεντιαρίοο,
480 1539 623 1625 εἰσφέρει
649 1532 752 1605 miris
777 1541 824 1614 εἰς
851 1538 888 1605 τό
916 1538 1006 1604 ἔνδον
1025 1539 1266 1622 κονσιστώριον,
1295 1535 1353 1597 καί

252 1635 390 1712 ένδάσας
411 1631 509 1704 αάτόν
536 1638 571 1703 τὸ
590 1631 778 1723 ατιχάριον,
815 1639 993 1724 περιζοέσας
1022 1635 1119 1702 αὐτὸν
1139 1635 1195 1700 κατ’
1212 1633 1249 1699 τό
1271 1639 1352 1716 βαλ-

250 1737 373 1816 τίδιον,
406 1735 510 1817 ἐξάγει
537 1731 638 1801 αάτόν
663 1736 721 1801 καί
751 1739 874 1821 ἵστησιν
901 1735 1082 1822 ἔμπροσθεν
1109 1736 1168 1798 τοῦ
1193 1734 1352 1815 βασιλέως

250 1833 395 1898 κάτωθεν
412 1837 471 1897 τοῦ
490 1835 687 1900 ποολτιέτοο·
726 1841 783 1903 κατ’
803 1837 915 1912 πάντες
936 1833 1133 1909 εἰσελθόντες
1153 1833 1349 1918 προσκυνοῦ-

251 1954 321 2013 σιν,
352 1927 391 1995 όν
409 1927 526 2015 τρόπον
545 1936 602 1998 καί
621 1936 656 1998 έν
675 1939 715 2022 τῇ
734 1938 874 2021 προβολῇ
893 1937 956 1998 τῶν
976 1932 1168 2017 πατρικάον,
1207 1933 1262 1991 καί
1279 1922 1391 2008 άγειιό

251 2027 354 2092 αδτὸν
374 2025 390 2092 ὃ
411 2034 468 2112 τῆς
487 2029 711 2108 καταστάσεως
733 2033 811 2119 πρὸς
833 2033 887 2098 τὸν
909 2035 1062 2115 βασιλέα,
1098 2029 1156 2091 καί
1173 2022 1350 2109 προσκυνη-

251 2151 311 2202 σας
334 2124 389 2189 καί
408 2127 633 2208 ἀσπασάμενος
654 2130 730 2206 τοάς
750 2131 850 2204 πόδας
872 2133 987 2210 αὐτοῦ,
1010 2127 1194 2206 οἰοίσταται,
1213 2123 1350 2207 sirisper-

251 2223 385 2306 ξάμενος
406 2221 463 2291 τόν
483 2228 630 2308 βασιλέα,
652 2226 812 2312 κρατήσας
833 2230 868 2290 δὲ
891 2221 988 2291 αὐτόν
1009 2225 1026 2288 ό
1045 2229 1100 2308 τῆς
1116 2221 1352 2303 καταστάσεως,

250 2322 373 2407 εἰσάγει
401 2321 497 2389 αὐτὸν
525 2318 753 2411 άπισθοφανῶς
780 2326 838 2389 καί
858 2329 981 2408 ἵστησιν
1010 2318 1108 2388 αάτόν
1135 2325 1169 2386 ἐν
1189 2324 1228 2408 τῇ
1249 2322 1353 2406 ἐσαρ-

222 2419 393 2508 Ωμοζοάση
415 2417 506 2509 arisai
523 2421 611 2501 τάξει
632 2448 666 2489 τε
687 2423 742 2490 καί
760 2421 878 2491 στάσει.
923 2428 1006 2511 (Β.)
1030 2417 1103 2488 Εἶθ’
1124 2415 1223 2496 οὕτως
1244 2415 1392 2500 λαβόντα

248 2521 351 2598 νεῦμα
373 2517 392 2580 ό
412 2518 621 2601 πραιπάσιτος
641 2521 729 2602 παρά
755 2527 814 2585 τοῦ
838 2527 1006 2603 βασιλέως,
1027 2521 1111 2583 νεάει
1132 2523 1178 2604 τῷ
1195 2525 1351 2582 ositrem-

250 2618 308 2704 ρι’ρι
326 2618 371 2702 τῷ
388 2612 502 2680 ἑστῶτι
523 2618 557 2679 έν
577 2620 617 2703 τῇ
637 2617 732 2703 πάλη,
753 2621 810 2681 καί
830 2621 912 2700 λέγει
933 2611 1164 2698 ,,κελει’σατε.”
1210 2611 1273 2678 εἶθ’
1295 2607 1353 2675 οδ-

249 2740 312 2788 ταις
335 2717 498 2798 διέρχεται
518 2712 573 2778 διά
595 2719 658 2779 τῶν
679 2719 867 2798 ἑξκοοβίτων
886 2714 944 2779 καί
962 2719 1025 2779 τοῖν
1047 2715 1171 2797 σχολῶν
1185 2715 1283 2796 μέχρι
1297 2713 1352 2795 τῆς

249 2811 388 2897 μεγάλης
409 2815 586 2896 ἐκκλησίαις,
606 2816 661 2878 καί
681 2817 761 2901 δὀχῇ
780 2812 838 2878 καί
855 2815 958 2896 τάξει,
985 2819 1063 2878 καθ’
1085 2809 1120 2877 δν
1139 2807 1259 2896 τρόπον
1277 2811 1353 2897 ἕδη-

323 2981 350 3048 4.
369 2986 396 3030 ct
408 2984 433 3035 8.
451 2978 605 3051 στιχόριον
625 2980 667 3032 cel.
741 2984 785 3052 οδ.
807 2983 840 3054 τῇ
858 2981 931 3052 δοχῇ
950 2984 1025 3036 coni.
1043 2984 1073 3040 Ii.

255 3115 369 3179 indicat,
388 3115 462 3187 quod
478 3117 650 3185 praepositus
667 3118 861 3170 cerimoniario
875 3118 956 3180 dicit,
976 3119 1055 3187 isque
1069 3133 1123 3168 una
1144 3133 1204 3166 erun
1226 3115 1355 3167 silentis-

254 3188 297 3238 rio
316 3204 332 3236 a
351 3204 399 3236 sua
420 3186 540 3236 statione
559 3195 715 3250 evocatum,
734 3188 763 3237 iu
782 3197 860 3256 parte
883 3187 1007 3237 interiori
1022 3187 1124 3254 pulpiti
1141 3195 1206 3237 ante
1223 3186 1352 3254 patricios

256 3258 410 3317 constituit,
428 3258 576 3327 statimque
591 3259 763 3326 praepositus
778 3257 938 3310 sticharium
958 3273 1006 3308 seu
1024 3256 1188 3308 strictiorem
1202 3263 1304 3305 restem
1323 3261 1353 3305 et

255 3326 398 3376 baltheum
420 3325 582 3392 Imperatori
605 3328 704 3391 tradit,
743 3328 951 3380 cerirnouiarius
979 3343 1043 3378 vcro
1069 3325 1246 3377 candidatum
1268 3341 1351 3376 manu

255 3397 421 3465 prehensum
433 3395 467 3442 ad
482 3398 675 3462 Imperatorem
696 3399 788 3459 ducit,
813 3400 847 3450 ad
868 3399 946 3448 cuius
966 3397 1050 3466 pedes
1069 3405 1214 3468 postquam
1232 3395 1353 3465 procidit

258 3483 360 3536 cosque
379 3465 516 3515 oscalatus
532 3473 591 3526 eat,
612 3469 708 3530 surgit.
748 3469 854 3519 Deinde
868 3469 998 3520 stichario
1018 3477 1046 3517 et
1064 3467 1175 3520 baltheo
1197 3465 1352 3516 cnranibus

257 3537 433 3603 Imperatoris
455 3534 588 3601 arreptis,
616 3533 699 3601 pedes
717 3538 777 3586 eius
792 3540 945 3600 osculatur,
970 3555 1026 3608 quo
1040 3537 1122 3600 Iacto,
1144 3537 1352 3588 cerimoniariut

260 3622 321 3655 cum
340 3606 493 3655 silentiario
508 3621 569 3652 euru
584 3605 618 3652 ael
632 3606 748 3654 interitu
768 3608 962 3658 consistorium
985 3607 1074 3670 ducit,
1101 3609 1287 3678 sticharioquc
1307 3607 1353 3656 In-

260 3676 356 3724 dutum
371 3685 398 3724 et
415 3674 527 3724 baltheo
541 3675 660 3725 einetum
683 3673 812 3737 abducit,
831 3685 859 3727 et
873 3685 936 3727 ante
955 3680 1149 3745 imperatorem
1166 3679 1238 3728 inl'ra
1259 3675 1353 3745 pulpi-

259 3751 318 3793 tum
332 3745 456 3794 eolloeat
494 3745 594 3796 Omnes
609 3745 722 3811 ingressi
742 3745 873 3808 adorant,
895 3747 966 3796 utin
980 3747 1153 3814 promotione
1173 3747 1350 3816 patrieIorum

260 3814 426 3874 notavimus,
447 3823 473 3863 et
490 3815 565 3865 (lucit
576 3815 782 3865 eerirnoniarius
801 3815 976 3866 candidatum
990 3815 1024 3864 ad
1044 3817 1255 3884 Imperatorem,
1273 3816 1350 3865 euius

260 3884 344 3952 perles
362 3890 392 3929 ut
408 3885 545 3933 osculatus
559 3895 600 3936 est
613 3901 730 3954 eumque
748 3885 887 3949 adoravit,
906 3886 992 3954 surgit
1004 3895 1032 3937 ot
1049 3884 1139 3938 fausta
1153 3887 1233 3956 ipsis
1257 3899 1351 3955 preca-

262 3963 320 4005 tur:
339 3951 522 4018 apprehendit
535 3963 627 4005 autem
641 3972 703 4006 curn
720 3956 936 4016 cerimoniarius,
955 3963 983 4004 et
995 3957 1034 4006 sic
1046 3964 1179 4007 retrorsus
1193 3905 1350 4015 addircturn,

261 4026 293 4074 in
308 4039 356 4072 suo
368 4020 465 4068 ordino
481 4030 508 4070 et
522 4025 641 4075 statione
661 4027 785 4079 collocat.
820 4027 890 4146 ρΙΙ.)
907 4028 1002 4079 Postea
1018 4027 1205 4094 praepositus,
1225 4025 1299 4093 signo
1313 4019 1359 4070 ab¹

263 4095 430 4160 Imperatore
450 4099 576 4156 accepto,
619 4096 774 4146 silentiario
798 4114 823 4146 at
851 4105 957 4165 portam
985 4099 1068 4147 stanti
1091 4097 1202 4157 annuit,
1222 4099 1250 4143 et
1267 4089 1347 4144 dicits

187 4167 191 4173 '
264 4165 367 4224 iubete,
398 4159 480 4210 etsie
498 4161 650 4228 Imperator
665 4179 716 4230 per
739 4167 868 4218 excubias
890 4167 1052 4238 scholasque
1070 4165 1106 4216 ad
1119 4179 1242 4233 magnam
1260 4159 1349 4210 eccle-

264 4232 349 4298 ciam,
373 4247 406 4284 eo
427 4227 525 4283 ordine
543 4245 632 4304 eaque
648 4247 769 4302 pompa,
794 4253 877 4308 quarn
893 4239 923 4292 tn
940 4236 1115 4308 processione
1130 4233 1229 4288 mutu
1246 4229 1349 4286 ctrtsrt
