3125 4917
231 425 287 489 Lx
456 424 681 492 ettamen
705 423 907 492 ammom
930 419 1112 494 cunct.

232 575 315 639 enim
323 574 488 661 Regionum
496 577 655 639 MStorum
670 574 805 639 iudicem
827 596 965 660 nuqtsam
977 578 1060 661 typis
1073 574 1231 660 vulgatum
1244 595 1321 656 esse,

124 670 127 677 '
231 678 284 721 me
297 656 382 721 latet.
425 658 517 721 lllum
537 680 612 723 vero
635 664 735 741 ipsum
755 680 820 721 esse
838 660 1003 739 Codicem,
1032 663 1086 742 qui
1107 660 1253 721 Budeusis
1279 659 1320 721 li·

231 738 353 803 brariae
369 741 563 825 supellectilis
578 742 750 804 uberrimae
767 753 859 825 atque
876 744 1152 825 praestantissimae
1167 740 1324 826 quondam

102 823 317 901 mmsuit,
340 824 496 907 Ungariac
506 827 622 907 Regum
639 844 745 901 arma,
763 834 906 905 utsupra
925 823 1009 904 dixi,
1028 823 1195 922 gentilitia,
1213 823 1324 920 quibus

231 906 734 1073 iur'fflissuiiliiinipiiiqdii‘
745 905 1094 1050 ’iiiiii'e'ffinil
1109 905 1324 1071 ”iiiiii

234 1093 314 1155 quae
334 1072 429 1133 lulius
449 1094 468 1133 a
489 1070 633 1153 Pssugv)
659 1074 837 1153 descripsit,
865 1071 919 1133 sed
947 1092 1033 1133 mens
1052 1071 1155 1133 Codex
1175 1093 1239 1133 noo
1258 1092 1325 1131 me·

234 1165 393 1232 moratur3
419 1174 514 1237 quare
533 1154 623 1237 longe
646 1166 716 1215 ante
736 1155 866 1215 evasisse
886 1164 1021 1236 oportet.
1071 1153 1192 1233 Quibus
1220 1165 1325 1215 autem

234 1237 357 1299 latisin
380 1258 463 1299 meas
482 1237 605 1297 tandem
626 1256 733 1297 manus
753 1238 932 1312 devenerit,
953 1235 1095 1319 equidem
1113 1239 1230 1319 ignoro.
1255 1236 1326 1297 Exi·

276 1341 296 1380 ο
315 1340 385 1381 aare
405 1342 423 1381 a
444 1340 494 1380 me
512 1319 665 1380 redemtus
685 1320 763 1399 luit,
791 1321 824 1379 in
853 1339 964 1400 magno
995 1331 1098 1380 autem
1125 1323 1224 1402 pretio
1248 1318 1327 1380 mihi

233 1340 387 1479 libetur,
417 1403 526 1485 dignus
545 1404 637 1463 etiam
659 1404 713 1484 qui
736 1400 1009 1483 lucempnblicam
1021 1401 1133 1464 videat.
1173 1400 1266 1479 Quod
1285 1420 1327 1463 an

233 1504 303 1546 mea
322 1505 458 1567 unquam
480 1506 573 1566 opera
591 1486 643 1547 siet
661 1486 785 1563 nescio,
805 1486 943 1567 exiguam
963 1486 1045 1546 enim
1067 1488 1100 1545 in
1124 1485 1248 1545 Graecis
1268 1503 1327 1544 uo-

233 1568 334 1628 titiam
365 1588 464 1627 meum
491 1570 621 1648 ingenue
646 1587 800 1647 agnosco,
828 1586 948 1649 neque,
978 1570 1031 1650 qui
1060 1564 1154 1627 hodie
1172 1570 1328 1650 grassum

235 1648 387 1710 scribendi
406 1650 561 1731 pruritus,
580 1668 630 1708 me
649 1658 742 1723 tenet,
765 1660 801 1708 ut
820 1651 976 1731 scriptoris
999 1649 1050 1711 vel
1071 1650 1196 1711 editoris
1216 1666 1328 1709 nomen

234 1730 321 1793 nullo
341 1731 473 1815 reipubl.
486 1732 651 1793 litterariae
662 1730 825 1792 commodo
844 1744 959 1791 temere
972 1732 1048 1791 mihi
1063 1752 1206 1813 arrogare
1220 1729 1326 1790 velim.

235 1814 362 1876 interim
387 1823 491 1895 gratus
518 1812 593 1873 mihi
620 1812 708 1875 labor
732 1824 799 1889 est,
829 1834 923 1896 quem
950 1834 1021 1873 cum
1047 1814 1112 1873 Du.
1141 1811 1327 1872 Schneidero

189 1924 191 1930 ·
236 1896 319 1957 dicto
342 1896 500 1973 Schmidt,
530 1897 598 1956 viro
627 1896 835 1971 Graecarum,
868 1899 931 1956 imo
960 1897 1122 1971 omnium,
1155 1892 1328 1954 fitterarum

235 1980 430 2062 peritissimo,
446 1977 562 2039 Codici·
572 1978 728 2061 impendo.
766 1978 867 2039 Huius
882 1978 1029 2037 industria
1044 1980 1125 2056 (nam
1139 1996 1220 2052 mea,
1234 1996 1328 2057 quam

236 2061 386 2138 consero,
409 2060 548 2143 symbola
574 2064 679 2144 exigua
700 2059 751 2121 vel
770 2059 856 2121 nulla
869 2062 901 2138 ,l
934 2061 1046 2142 prioris
1072 2068 1165 2141 atque
1184 2057 1329 2118 dimidiae

237 2147 328 2205 ctiam
398 2147 453 2206 rtis
479 2143 603 2205 secundi
630 2142 792 2205 Tractatus
817 2143 918 2204 versio
947 2144 1009 2202 iam
1028 2139 1190 2201 delineata.
1231 2139 1329 2201 Rudis

237 2225 829 2369 tillitfflatltfflssttttit
847 2222 1109 2385 liliatam
1128 2243 1221 2305 ω
1239 2242 1259 2282 ²
1278 2240 1329 2281 ‘⁰⁶

320 2389 389 2449 Non
419 2388 546 2450 dubium
567 2349 612 2451 det
632 2391 707 2471 quin
727 2348 847 2469 egregid
866 2407 992 2468 prorsus
1010 2407 1136 2447 munere
1157 2404 1223 2445 rem
1244 2384 1328 2447 litte·

236 2472 350 2533 rariam
370 2470 503 2551 beaturi,
526 2480 557 2531 et
575 2471 720 2532 historiae
730 2470 914 2551 Byzantinae
934 2490 1047 2531 novam
1067 2480 1159 2551 atque
1178 2470 1328 2550 insignem

238 2552 338 2616 lucem
358 2552 478 2615 allaturi
498 2555 558 2614 siut
578 2556 637 2613 viri
659 2554 934 2635 praestantissimi,
958 2554 984 2613 si
1003 2550 1137 2633 locuples
1157 2552 1217 2611 hoc
1237 2563 1329 2632 atque

238 2637 439 2717 inperatoriis
460 2637 601 2718 auspiciis
622 2634 835 2696 elucubratum
869 2654 948 2717 opus
966 2634 1069 2696 studio
1089 2656 1125 2694 ae
1145 2632 1251 2694 labore
1271 2653 1329 2694 suo

122 2776 124 2781 .
239 2720 419 2781 recensitum
437 2728 530 2803 atqtn
550 2718 731 2804 explicatum
751 2720 979 2803 quumprimum
998 2709 1231 2801 publicaverint.

277 2918 304 2990 ι)
329 2916 362 2969 ln
383 2918 507 2989 Epistola
528 2916 563 2973 sd
592 2916 923 2991 &chelidoniumque
942 2924 1018 2973 estat
1039 2916 1072 2972 Τ.
1093 2914 1129 2976 Π.
1147 2912 1328 2970 Collectiouis

309 2986 1017 3135 litetstillat„ltillzt‘t‘tttt⁰·
1033 3005 1077 3062 '⁴¹'
1144 2985 1174 3059 ²)
1189 2984 1328 3041 ¹¹¹⁰²⁶¹⁸¹
