3125 4917
371 435 425 495 nn
452 428 647 497 cnnruou.
677 432 811 495 seinse
837 431 1005 496 oratur.
1037 437 1077 497 ιι.
1099 436 1151 505 52,
1217 406 1293 518 761

229 581 288 646 ιίνά
317 577 385 658 ἑνὸς
413 587 469 648 καί
495 583 608 664 μόνον.
648 585 687 669 τῇ
717 587 753 647 δὲ
780 587 903 669 πέμπτῃ
929 589 985 666 τῆς
1005 586 1102 670 αύτῆς
1128 583 1303 668 ἑβδομάδος

227 688 422 764 συγκαλεῖτοιι
454 684 499 756 εἰς
527 676 668 746 ἑστίασιν
695 679 758 744 ύπό
787 685 850 746 τῶν
874 688 994 748 πιστῶν
1019 687 1175 764 βασιλίσιν
1205 687 1239 749 ἐν
1258 688 1447 771 sigilis-251&

225 777 351 868 μεγάλην
381 780 522 867 παλατίιρ
544 778 561 842 ti
583 777 753 863 άγιιύτατος
775 781 831 843 καί
862 781 1075 861 οἰκουμενικὸς
1095 781 1303 868 πατριάρχης,

227 877 284 940 καί
302 883 558 963 συνεισέρχονται
578 878 664 965 αύτῷ
695 884 940 960 μητρυπολῖται,
974 879 1030 954 ούς
1057 877 1097 945 άν
1123 886 1266 968 βουληθῇ
1286 878 1304 944 δ

208 972 326 1050 ὄαύτός
344 973 558 1062 πατριάρχης,
589 974 644 1040 καί
664 977 716 1040 cisi
740 975 825 1058 ἡμᾶς
845 975 1036 1058 εὐτρεπίζειν
1056 980 1102 1054 εἰς
1122 985 1229 1064 κλῆσιν
1248 984 1305 1064 της

227 1073 335 1154 τιμίας
355 1076 458 1138 αύτοίν
477 1073 702 1148 συνεστιάσεως
722 1076 755 1150 ε”ξ
776 1076 882 1138 αύτῶν
901 1079 964 1138 τῶν
983 1082 1229 1162 μητροπολιτῶν,
1250 1078 1306 1154 viic

229 1164 270 1236 άν
287 1172 400 1257 τύχῃ,
419 1173 475 1236 καί
496 1173 725 1257 πρεσβυτέρους
752 1171 809 1236 τού
827 1169 965 1255 μεγάλου
997 1180 1151 1241 παλατίου
1182 1182 1215 1258 λίξ
1252 1175 1333 1242 scic

229 1269 423 1354 ἡγουμένους
442 1273 504 1333 τοῖν
523 1271 695 1349 βασιλικῶν
713 1270 856 1352 μεγάλων
875 1274 1114 1356 μοναστηρίωκ,
1151 1270 1244 1351 ὅσους
1265 1272 1307 1343 ἂν

229 1361 313 1433 εἰναι
332 1363 426 1456 τύχῃ,
450 1365 506 1430 καί
523 1365 736 1452 σεκραιτικούς
758 1367 907 1443 παπάύοις
928 1372 987 1434 τοῦ
1008 1369 1205 1456 πατριάρχου
1225 1373 1307 1439 κατά

194 1463 266 1534 roso*
287 1465 491 1546 ύιτοκείμενον
510 1464 608 1530 ποσὸν
628 1469 683 1548 τῆς
701 1467 809 1548 τιμίας
827 1468 997 1552 τραπέζης·
1039 1466 1174 1551 εἰσάγειν
1194 1472 1229 1534 δὲ
1250 1473 1310 1534 ου’-

226 1563 301 1639 τσύς
321 1567 375 1627 κατ’
396 1559 516 1646 ἐξάγειν
535 1562 613 1643 μετά
635 1568 698 1628 ταῖν
725 1566 846 1630 οἰκείων
876 1569 996 1630 στολῶν
1015 1589 1050 1632 τε
1077 1572 1133 1631 καί
1151 1572 1311 1652 φελωνίων

228 1660 309 1726 κατά
329 1659 380 1727 τὸν
400 1665 614 1746 προλεχθέντα
633 1665 666 1728 ὲν
693 1667 735 1751 τῷ
756 1666 831 1747 περί
857 1667 915 1729 τού
942 1658 1168 1732 incertumst
1185 1662 1309 1754 μεγάλην

229 1763 478 1848 κλητονροθεσάρ.

645 1864 702 1930 Tio
720 1863 897 1937 sponsetur.

195 1967 231 2031 15
317 1965 362 2050 Τῇ
391 1965 426 2027 tt
450 1962 582 2052 ἐπιούσῃ
610 1969 744 2054 κυριακῇ
768 1968 823 2050 τῆς
850 1968 914 2030 τάν
943 1959 1040 2048 άγιλον
1059 1960 1188 2030 εἰκόνων
1214 1965 1313 2047 ὄρθο-

233 2060 338 2140 ιίοξίας
356 2064 435 2144 μετά
467 2063 523 2148 την
550 2061 723 2147 ὑπάντησιν
740 2069 795 2148 τῆς
815 2067 850 2129 ἐκ
869 2066 1053 2147 βλαχερνῶν
1073 2061 1230 2147 εἰσιούσης
1250 2088 1315 2149 φα-

232 2163 318 2244 εινῆς
337 2165 491 2237 λιτανείας
523 2161 578 2227 καί
605 2161 662 2248 την
690 2161 861 2249 ἱερωτάτην
893 2163 1116 2246 μυσταγωγίαν
1145 2165 1343 2234 ε’κτελεῑταιυ

233 2261 404 2342 κλητώριον
433 2262 468 2322 ἐκ
494 2265 550 2342 τῆς
573 2261 744 2346 ὑπηρεσίας
770 2267 827 2326 τοῦ
848 2258 988 2344 μεγάλου
1018 2261 1192 2341 οἰκονομίαν
1214 2261 1248 2325 ἐν
1268 2262 1314 2348 τῷ

232 2360 438 2446 λαμπροτάτην
466 2361 521 2422 καί
545 2361 669 2448 μεγάλην
695 2361 913 2446 πἀτριαρχικῷ
932 2362 1101 2446 σεκραίτηι,
1133 2358 1189 2422 καί
1208 2361 1260 2422 δεῖ
1274 2359 1314 2441 ἧ-

191 2459 293 2538 εομᾶς
324 2450 515 2541 εὐτρεπίζειν
543 2461 593 2540 εἰς,
616 2457 815 2524 σονεστίασιν
841 2457 954 2544 φιλοος
982 2461 1027 2545 τῷ
1045 2461 1175 2540 βασιλεῖ
1197 2458 1253 2519 καί
1269 2458 1313 2542 τῷ

232 2553 393 2643 άγιοοτάτηι
413 2552 603 2644 πατριάρχῃ,
624 2558 825 2639 μαγίστρους,
846 2554 1080 2638 πραιποσίτους,
1102 2550 1311 2630 άνθυπάτους,

232 2653 423 2738 πατρικίους,
442 2653 676 2740 μητροπολίτας,
700 2650 980 2734 ιίρχιεπισκάπους,
1013 2651 1237 2735 ύφφικιαλίους
1257 2651 1314 2712 καί

233 2744 391 2837 ἄρχοντας
413 2755 467 2835 τῆς
486 2754 678 2836 περιφανοῦς
697 2749 887 2834 συγκλήτου,
917 2746 995 2814 κατά
1015 2746 1070 2812 τὸν
1090 2743 1233 2833 άριθμὸν
1253 2751 1313 2812 τού

235 2967 358 3021 eiusdem
375 2968 541 3036 septimanae
559 2969 689 3022 invitatur
705 2971 740 3020 ael
757 2969 910 3022 convivium
928 2966 1086 3020 nfidelihus
1098 2967 1310 3036 imperatoribus

233 3036 264 3087 in
283 3053 406 3104 magnum
426 3038 556 3104 palatium
574 3041 759 3092 sanctissimos
787 3047 815 3092 et
839 3039 1027 3090 oecumenicus
1053 3038 1219 3107 patriarcha,
1244 3039 1310 3107 qui,

234 3124 302 3176 quos
320 3107 453 3170 volucrit,
481 3123 570 3159 seorim
594 3113 677 3161 sumit
696 3109 893 3176 metropolitas.
930 3109 1047 3174 Oportet
1070 3124 1120 3157 uos
1137 3107 1171 3157 aul
1187 3124 1310 3157 cosumu-

234 3178 343 3229 uioneru
363 3175 525 3228 venerahilis
545 3178 619 3229 illius
638 3179 755 3230 convivii
781 3179 897 3228 invitare
924 3175 1111 3243 metropolitas
1134 3183 1308 3245 quotcunque

234 3248 341 3298 tandem
360 3249 389 3296 in
409 3246 479 3296 Urbe
497 3256 667 3314 praesentes,
690 3247 861 3314 presbyteros
881 3247 970 3313 magui
989 3245 1082 3312 palslii
1100 3261 1161 3308 sex3
1180 3244 1308 3313 hegume-

232 3335 282 3368 nos
300 3331 455 3388 magnorum
476 3316 657 3383 imperialium
676 3317 901 3366 monasteriorum
926 3322 1103 3384 quotcunque
1122 3314 1249 3379 tandun3
1279 3323 1308 3366 ct

225 3388 372 3438 secretales
386 3385 556 3452 patriarchae
576 3387 710 3453 popellos,
728 3393 796 3456 quot
812 3403 906 3437 mensa
922 3387 1018 3452 capiat.
1055 3384 1266 3436 introducuntur
1279 3393 1308 3436 et

226 3457 378 3509 ediscuntur
396 3471 455 3504 eum
474 3456 530 3504 suis
550 3456 627 3506 stolis
645 3463 673 3507 et
690 3455 827 3525 pheloniis
847 3471 879 3507 eo
898 3455 979 3507 modo
989 3493 997 3517 ‚
1015 3472 1068 3525 quo
1089 3455 1151 3507 illos
1170 3456 1259 3525 excipi
1277 3456 1307 3506 iu

225 3543 321 3597 magne
340 3525 484 3578 iustiniani
503 3526 623 3579 triclinio
642 3527 765 3596 superius
785 3526 952 3584 dicebamus.

606 3647 639 3681 ne
660 3647 738 3682 ειτιτο
757 3647 948 3682 onsuononrse.
1033 3633 1035 3637 '

300 3733 440 3805 Sequente
458 3733 579 3802 proxime
598 3733 643 3785 (lie
662 3733 811 3796 dominico,
830 3750 885 3803 qna
900 3731 1030 3784 memoris
1047 3733 1166 3782 sarrritne
1179 3727 1299 3782 ortholo

233 3805 296 3856 aiae
315 3821 423 3864 eorum,
444 3807 491 3873 qui
510 3821 596 3854 sacras
616 3804 746 3872 imagines
763 3811 942 3861 venerentur,
959 3810 1022 3871 post
1035 3819 1172 3852 occursum
1188 3807 1216 3850 et
1232 3813 1297 3849 esce

232 3875 355 3941 ptionem
383 3874 478 3924 lirclsur
504 3873 663 3942 splendidae
687 3874 866 3942 processionis
890 3871 1077 3924 eblaehcrnis
1101 3873 1129 3923 in
1148 3869 1246 3921 Urbem
1266 3884 1308 3917 re-

235 3941 359 4008 deuntis,
385 3952 561 4013 conctumque
584 3944 748 3997 celebratum
773 3946 871 3994 missae
889 3942 1022 4000 officium,
1048 3943 1200 3992 instituitur
1218 3939 1310 3989 convi-

233 4011 307 4061 vium
339 4016 467 4082 impensis
492 4031 533 4064 ma
553 4015 581 4065 ni
599 4015 750 4064 oeconomii
772 4014 830 4084 [seu
849 4027 960 4080 magnae
979 4011 1215 4062 adrninistratnrac
1236 4005 1311 4057 redi-

233 4087 309 4130 tuum
322 4032 567 4154 patriarchaliumi‚
587 4085 614 4134 in
630 4081 849 4153 splendidissimo
865 4090 893 4134 ct
906 4099 1001 4149 magno
1016 4079 1185 4150 patriarchae
1197 4083 1311 4131 secreto.

232 4149 272 4202 Eo
291 4151 404 4202 inritare
423 4173 470 4206 nos
489 4161 598 4221 oportet
616 4155 776 4220 {superatori
797 4161 824 4203 et
842 4153 1010 4221 patriarchae
1028 4151 1142 4205 amicos,
1161 4149 1309 4212 inopinum,

232 4222 417 4287 praepositos,
446 4224 636 4290 proconsules,
662 4225 808 4292 patricios,
842 4224 1047 4290 metropolitas,
1075 4217 1310 4286 archiepiscopos,

234 4289 361 4344 oflicinlcs
379 4301 407 4342 et
424 4295 593 4363 magistratus
613 4294 681 4346 alios
702 4285 738 4345 de'
753 4295 855 4345 illustri
882 4303 977 4344 senatu
1005 4289 1152 4342 secundnm
1176 4288 1310 4355 capacite·
