3125 4917
253 406 280 469 Ι.
440 403 497 470 10.
529 403 653 469 HENR·
684 402 834 470 ment!
862 400 1160 473 commmatio

254 559 391 643 peranda
412 582 506 643 ragno
521 560 648 623 consilia
668 558 777 623 volvit.
820 560 913 639 Quod
938 580 1010 623 curn
1030 565 1122 626 variis
1142 561 1257 625 artibus
1271 574 1340 627 tersa
1381 510 1388 523 ὓ

227 654 364 720 nana,
389 647 573 706 tutissimum
605 646 704 707 visiun
732 654 797 721 est,
816 642 1006 726 Stephanum
1032 656 1063 707 et
1086 640 1340 727 Constantinum,

255 728 384 789 Romani
402 728 491 802 lilios,
512 724 676 809 cupiditate
702 746 736 787 re
777 724 848 786 andi
871 726 1046 788 accendere.
1086 725 1211 790 Dudum
1226 728 1271 791 illi
1291 751 1342 813 pa·

255 820 343 869 terno
357 809 428 871 odio
447 810 609 887 ardebant,
632 808 715 893 quod
758 829 903 884 omanus,
924 820 1103 871 testamento
1117 814 1240 894 scripto,
1255 816 1341 894 prin·

254 895 354 975 cipem
373 890 474 953 locum
491 892 754 975 Porphyrogcnito
773 891 940 953 tribuerat:
963 890 1135 974 Stephanus
1157 898 1341 977 praecipue,

254 996 347 1056 quem
371 979 443 1037 satis
461 978 521 1036 iam
544 974 710 1058 proclivem
737 972 824 1035 facile
853 973 1004 1051 Basilius,
1027 979 1179 1058 particeps
1203 977 1342 1058 consilii,

256 1060 416 1139 permovit.
455 1055 485 1117 ls
506 1058 580 1118 olim
603 1058 764 1119 honestum
787 1056 926 1117 ordinem
944 1057 1094 1133 duxerat,
1123 1062 1173 1119 vir
1194 1059 1343 1141 callidus,

257 1153 287 1201 et
316 1144 347 1201 in
375 1141 476 1200 animo
505 1140 649 1223 Stcphani
682 1138 822 1217 validus,
857 1159 968 1222 quarm
1003 1145 1230 1223 opportunitate
1252 1142 1343 1221 data,

257 1224 436 1285 admonuit:
463 1224 626 1305 imperium
642 1230 732 1305 aegra
750 1244 769 1281 a
785 1222 939 1305 decrepito
961 1242 1031 1284 seua
1048 1226 1203 1303 sustineri,
1225 1223 1344 1287 viribus

257 1309 425 1387 animisque
445 1324 521 1386 opus
537 1328 622 1379 esse,
644 1324 684 1366 nc
704 1304 804 1385 Ugri,
825 1324 865 1364 ne
879 1304 1023 1445 Bulpari,
1050 1326 1090 1366 nc
1119 1307 1262 1369 Saraceni
1288 1306 1345 1366 ali·

257 1390 332 1473 quid
368 1408 518 1449 novarum
542 1408 645 1450 rorum
673 1388 874 1463 molirentur,
903 1409 937 1448 so
951 1408 1002 1448 um
1030 1388 1219 1470 Stephanum
1242 1398 1346 1450 tauma

256 1472 330 1533 moli
354 1492 458 1554 parem
478 1492 552 1533 csse:
574 1471 703 1547 videret,
725 1491 764 1530 nc
786 1481 849 1531 tam
861 1468 1018 1550 praeclara
1036 1472 1164 1549 indoles,
1185 1484 1232 1534 tot
1253 1491 1345 1531 orna·

256 1566 358 1618 menta
390 1556 557 1631 virtutum,
586 1556 693 1614 inertia
719 1553 963 1615 obscurarentur.
1004 1553 1185 1616 Adiutorem
1202 1554 1346 1636 Porphy-

257 1640 430 1719 rogenitnm
457 1635 543 1711 fore,
567 1638 617 1697 cui
648 1635 725 1696 nihil
749 1637 902 1717 antiquius
919 1640 975 1712 sit,
990 1657 1083 1719 quarn
1099 1658 1168 1698 eum
1193 1658 1346 1721 regnare,

256 1724 309 1803 qui
327 1722 367 1782 ad
388 1718 466 1781 hanc
482 1740 565 1800 sporn
587 1721 705 1801 genitus
724 1720 856 1793 essert).
899 1719 1006 1797 ltaque
1029 1721 1184 1781 llomanus
1207 1740 1348 1800 compre·

255 1802 387 1879 honnus,
411 1804 444 1862 in
466 1802 581 1863 Protea
599 1800 730 1861 insulam
746 1799 899 1878 relegatur
914 1810 945 1859 et
962 1800 1181 1860 monachorum
1202 1805 1264 1861 ritu
1280 1812 1351 1861 ton·

256 1886 365 1945 deum:
398 1904 516 1943 samma
539 1884 656 1965 imperii
676 1883 715 1940 ad
741 1878 819 1939 lilios
840 1890 871 1939 et
901 1880 1200 1961 Porphyrogcnitum
1229 1882 1349 1959 deleta,

255 1970 357 2028 statim
388 1966 549 2047 apparuit,
582 1964 725 2037 arduum,
746 1961 852 2021 nalem
886 1959 953 2034 imo
977 1968 1146 2045 potentiam
1169 1977 1199 2025 ct
1223 1987 1350 2026 concor·

257 2048 339 2109 sliam
362 2068 438 2122 essa,
454 2067 524 2106 curn
542 2046 573 2106 id
592 2057 694 2127 ageret
715 2042 900 2125 Stephanus,
924 2056 960 2106 ut
977 2044 1058 2105 solus
1076 2067 1112 2107 ea
1135 2048 1281 2129 dignitate
1293 2068 1351 2131 po-

256 2138 379 2191 tiretur.
424 2131 542 2187 Interea
562 2129 795 2187 Constantinum
815 2124 932 2186 l‘lelena
953 2126 1106 2209 hugum,
1129 2141 1243 2189 uttam
1264 2130 1350 2191 nesa-

259 2216 321 2273 rios
343 2232 433 2271 ausus
450 2210 797 2290 comprimeret,escitat,
822 2211 951 2289 qiricos,
975 2213 1074 2289 specio
1098 2215 1257 2287 amicitiae,
1281 2232 1352 2292 epu-

260 2293 297 2355 lis
319 2294 489 2369 adhibitos,
510 2302 578 2373 past
605 2286 805 2374 qnadraginta
827 2290 944 2350 dianam
967 2292 1147 2372 imperium,
1175 2298 1205 2354 in
1228 2289 1351 2355 erilium

261 2377 358 2459 pellit.
402 2376 621 2457 IrlStephanus
632 2375 825 2449 illibanum
842 2394 953 2455 magua
970 2378 1072 2435 animo
1090 2379 1122 2435 iu
1140 2377 1239 2438 Lcsbo
1252 2378 1352 2439 insula

260 2461 344 2534 tulit,
367 2459 594 2533 Constantinus,
615 2456 734 2517 duobus
750 2457 837 2515 armis
857 2467 947 2536 post,
974 2458 1020 2534 ad
1037 2461 1175 2538 maiora,
1202 2471 1233 2520 et
1256 2462 1352 2539 magis

285 2544 437 2623 raecipitia
461 2561 645 2619 curiversus,
673 2559 743 2598 cam
773 2538 952 2617 Byzantium
976 2552 1148 2621 repeteret,
1180 2562 1199 2601 a
1218 2541 1352 2603 custodi·

261 2566 321 2689 llus
349 2635 393 2684 est
410 2627 585 2683 interemtus
610 2624 644 2698 ²).
692 2622 742 2679 Sic
770 2619 895 2679 tandem
925 2619 1009 2682 solus
1038 2643 1141 2682 renim
1166 2629 1280 2705 potitus
1308 2634 1355 2685 cst

264 2708 556 2789 Porphyrogenitns,
585 2709 632 2765 cui
659 2704 787 2763 insidiae
805 2722 823 2760 a
844 2701 983 2784 plurimis
1004 2716 1128 2787 paratae
1148 2718 1230 2767 sunt.
1273 2706 1355 2768 Nam

264 2802 294 2853 et
310 2788 523 2870 Tharplmnes,
545 2790 684 2869 princ-eps
713 2784 998 2861 Cubiculariorum,
1020 2789 1204 2863 Romanum,
1224 2799 1254 2848 ct
1276 2790 1354 2849 Gre-

264 2876 368 2957 gorius
390 2872 529 2945 blacerio,
551 2869 665 2930 allectis
680 2870 712 2926 in
733 2878 907 2929 sociantem
925 2867 1014 2929 claris
1034 2881 1064 2929 ct
1079 2870 1247 2932 illustribus
1266 2873 1354 2949 viris,

265 2956 452 3037 Stephanum
475 2955 602 3032 irnperio
617 2955 727 3011 iterum
746 2950 909 3009 admovere
930 2954 994 3011 ausi
1013 2964 1104 3013 sunt:
1129 2957 1160 3014 in
1178 2966 1354 3034 utrumque,

266 3038 384 3100 detecta
406 3036 541 3119 persidia,
564 3036 697 3117 graviter
715 3041 760 3092 est
779 3031 1037 3095 animadversum.
1082 3037 1159 3098 Post
1177 3036 1254 3097 haec
1272 3036 1356 3095 Con-

338 3220 371 3255 ει
398 3200 509 3253 Graecis
536 3196 715 3266 Theophanis
739 3196 901 3249 Continuat
922 3212 952 3267 p.
970 3198 1030 3252 280.
1060 3204 1090 3251 ct
1113 3199 1228 3250 Zonaras
1248 3215 1277 3270 p.
1298 3198 1356 3268 ¹95·

338 3278 484 3323 testantur.

742 3334 750 3359 y
829 3335 835 3347 ·
1237 3336 1244 3351 s
1330 3337 1337 3351 s

307 3334 1359 3474 ¹³cititttt;.¹’‘¹t..⁶‚³³anltt'tt't'ttitttta‚tittt'ftttt

342 3482 399 3533 scia
419 3481 479 3547 ipso
498 3480 644 3528 llomaunru
674 3490 756 3539 reguo
785 3474 902 3542 pulsum.
937 3475 969 3528 V.
989 3478 1100 3527 Simeon
1127 3474 1279 3543 Logotheta
1297 3492 1358 3546 pag.

344 3552 402 3621 493.
429 3549 531 3609 ceteri,
560 3564 620 3598 enm
654 3545 754 3617 quibus
778 3544 965 3615 Laitprpndus
992 3545 1022 3595 Ι..
1048 3546 1079 3595 V.
1110 3562 1132 3594 c.
1155 3562 1180 3612 p
1207 3550 1359 3609 consentit,

315 3650 318 3657 ·
341 3621 509 3689 nimiamque
537 3617 566 3668 in
585 3615 655 3667 salios
675 3616 846 3665 autoritatem
866 3614 951 3665 esitio
969 3614 1054 3664 luisse
1075 3614 1209 3677 Rornano,
1234 3623 1360 3674 testatur.

342 3693 371 3759 s)
390 3690 420 3739 lu
439 3688 635 3740 monasterium
659 3684 773 3733 honrani
797 3681 849 3731 tilii
875 3681 981 3733 detrusi
1006 3690 1083 3744 suat,
1109 3683 1182 3753 qaod
1207 3685 1360 3737 timendum

340 3758 525 3811 Constantino
545 3762 621 3816 erat,
650 3769 686 3805 nc
704 3770 733 3804 sc
758 3750 907 3819 aliquando
932 3767 1034 3804 summa
1053 3752 1187 3821 dignitate
1205 3757 1360 3821 privarent:

344 3830 384 3880 sic
408 3826 533 3895 Theoph.
555 3824 666 3875 Contio.
686 3837 711 3889 p.
731 3836 790 3889 27¹·
825 3821 939 3875 Zonaras
960 3840 986 3895 p.
1007 3822 1063 3892 195.
1082 3822 1138 3874 aiii.
1174 3824 1361 3894 Luitprandus

344 3903 438 3949 cantro
455 3902 609 3951 antas-est.
625 3891 851 3953 Constantinum,
868 3908 929 3944 curo
949 3892 1030 3952 ccrtis
1049 3893 1160 3957 indiciis
1180 3896 1362 3963 cognovisset,

345 3956 400 4019 sihi
419 3966 454 4015 ab
476 3965 542 4033 ipsis
561 3962 673 4016 insidias
688 3960 794 4031 parari,
811 3976 905 4013 corum
923 3962 1039 4014 consilia
1055 3965 1251 4031 praevertisse,
1275 3973 1361 4035 atquo

345 4033 570 4107 philosophatum
597 4033 788 4093 mitterentur,
816 4030 935 4084 iussisse.
970 4030 1162 4101 Philosophiae
1180 4034 1254 4085 enim
1270 4034 1362 4086 nomi·

346 4123 383 4159 ac
403 4122 475 4158 saera
499 4101 694 4155 manachorum
718 4100 810 4153 studia
836 4103 938 4168 passim
962 4100 1207 4165 abrincarum,
1235 4111 1262 4155 rt
1279 4113 1360 4157 retu-

346 4175 478 4228 stioriiias
502 4172 681 4243 scriptoribus
699 4179 893 4226 memorantur.
929 4170 962 4226 v.
980 4170 1114 4227 Cotclcrii
1132 4183 1307 4229 monumenta
1325 4173 1358 4228 Τ.

347 4244 561 4316 ipati-187.
