3125 4917
277 358 361 447 502
475 384 675 453 nemun
701 384 759 451 su
788 383 942 449 uuauu
968 383 1130 451 raruuu

274 538 311 606 τό
332 534 529 620 καπετάλιον,
551 540 748 628 φιλαδελιμάρ
769 561 806 603 τε
825 536 881 603 καί
897 532 1013 626 ταόρην,
1035 535 1228 626 άρτοπουλάην
1247 554 1283 599 τε
1302 537 1358 601 καὶ

274 641 319 727 τῷ
338 633 440 725 φόρην.
472 636 526 702 ε’πί
544 640 580 701 di·
600 642 660 703 rori
681 633 783 725 φόρου
805 634 947 715 ἐλθόντες
967 640 1142 721 κατέβησαν
1161 639 1224 702 τῶν
1242 636 1357 712 ἵππιον.

276 740 335 802 κατ’
353 738 499 823 εἰσῆλθον
522 739 567 812 εἰς
593 734 645 801 τόν
673 734 749 802 ναόν
777 738 834 820 τῆς
854 732 1026 820 όπεραγιάς
1048 736 1212 818 Θεοτόκου,
1231 756 1358 819 προσα-

277 831 488 917 παυτησαντος
517 827 636 911 αότοός
663 836 761 900 ἐκεῖσε
789 838 849 899 τοῦ
877 832 1074 921 πατριάρχου
1093 833 1174 915 μετά
1193 836 1281 918 λιτῆς
1298 836 1373 917 τῆς,

275 929 412 1017 μεγάλης
430 933 611 1018 ἐκκλησάις.
650 923 730 1020 lapi
758 930 905 1015 λαβόντες
934 930 1049 1019 κηροός
1075 929 1164 1017 παρά
1183 933 1241 997 τοῦ
1260 924 1376 1018 apoc-5

275 1032 404 1096 aour'aoo
424 1033 481 1095 καί
498 1029 671 1117 εόξάμενοι,
692 1029 868 1109 ἐξελθόντες
887 1034 943 1097 κατ’
960 1027 1139 1112 ἐκβαλόντες
1164 1026 1205 1095 τό
1223 1053 1359 1115 στρατη-

248 1125 368 1211 ῦγικά,
389 1125 547 1215 ἐφόρεσαν
568 1125 735 1214 διβητὴσια
754 1130 921 1215 τριβλάτια
947 1130 1003 1194 καί
1027 1124 1199 1212 χλαμόόας
1216 1127 1359 1213 χρυσαό-

137 1240 189 1297 tls.
203 1223 414 1314 rpbpo'seove
433 1228 489 1291 καὶ
506 1224 690 1313 καμπάγια,
725 1230 782 1293 κατ’
804 1232 993 1312 ereptione
1022 1232 1154 1313 διῆλθον
1182 1223 1242 1311 τήν
1259 1225 1359 1309 μέσην

274 1328 333 1391 red
352 1324 478 1412 φόρου,
510 1324 687 1408 ἱσταμένων
715 1327 771 1392 κατ’
790 1326 1070 1412 προπορευομένεον
1096 1323 1276 1411 ἔμπροσθεν
1298 1316 1359 1389 αό-

273 1426 337 1490 τιόν
357 1428 419 1487 τῶν
441 1427 571 1505 σκευῶν,
591 1422 767 1510 λαβοόρων,
787 1428 901 1508 σι’γνων
923 1422 978 1489 κατ’
995 1421 1121 1506 βάνόισν
1138 1425 1195 1489 καὶ
1214 1425 1279 1487 τοῖν
1302 1441 1396 1502 με-ιο

274 1518 380 1605 γόλοον
400 1518 563 1607 σκήπτρων
581 1522 638 1587 κατ’
655 1525 717 1588 τεόν
733 1526 866 1606 χρυσαῖν
887 1522 1080 1609 φλαμοόλοον
1103 1523 1232 1587 καὶτοῦ
1250 1521 1358 1601 τιμίου

274 1623 415 1705 σταυροῦ
424 1624 481 1685 τοῦ
493 1618 630 1704 μεγάλου
648 1623 983 1704 consternationem*
998 1614 1236 1703 όιελθόντεςτῆν
1259 1619 1359 1700 μέσην

274 1721 416 1807 &melreo
439 1722 546 1799 μιλόου
569 1722 716 1805 εἰσῆλθον
737 1717 791 1785 διά
815 1724 871 1785 τοῦ
897 1718 1034 1803 ἐμβόλου
1054 1721 1112 1784 rori
1130 1715 1239 1801 μιλόου
1262 1718 1308 1792 εἰς
1326 1707 1362 1780 τό

275 1811 451 1900 οόρολόγιον,
464 1820 520 1882 κατ’
536 1819 687 1885 ἀπέθεντο
702 1818 742 1885 τά
762 1824 925 1901 στέμματα
944 1821 978 1885 ἕν
990 1821 1035 1908 spi
1052 1816 1144 1883 όνόον
1161 1818 1218 1899 τῆς
1236 1814 1360 1901 ripariae

275 1912 375 1999 πάλης
386 1916 583 2005 μητυτισράο,
603 1921 659 1981 καιΙ
679 1920 827 2003 εἰσῆλθον
848 1920 882 1983 όν
900 1920 945 2007 τῷ
960 1912 1096 2003 νάρθηκι
1115 1911 1282 1997 εόξάμενοι
1301 1914 1398 1993 prs-15

276 2010 316 2077 τά
341 2018 445 2099 κηρῶν
465 2018 511 2091 εός
533 2012 592 2100 την
608 2018 709 2101 μέσην
739 2016 833 2099 άγόαν
860 2014 978 2101 πάλην,
1012 2009 1250 2088 εἰσοόεόσαντες
1279 2005 1361 2091 μετά

242 2111 331 2181 1)τοῦ
351 2108 565 2196 πατριάρχου,
587 2118 642 2178 καί
659 2114 698 2179 τά
719 2112 816 2191 λοιπά
838 2116 893 2198 τῆς
915 2118 1009 2187 θειάς
1029 2112 1244 2195 λειτουργίας,
1266 2108 1322 2171 καί
1340 2102 1360 2191 ἡ

276 2205 397 2285 εἴσοδος
416 2206 436 2294 ἦ
459 2207 538 2293 πρός
557 2208 592 2275 τό
617 2210 771 2276 παλάτιον
793 2214 1000 2293 ἐτελέσθησαν
1020 2213 1095 2275 καθ’
1124 2204 1161 2271 όν
1188 2202 1304 2292 τρόπον
1325 2205 1360 2269 όν

274 2314 347 2383 ταῖς
373 2304 546 2392 ε’μπράτοις
573 2305 813 2393 προελεόσεσιν·
855 2306 1012 2394 προετέθη
1042 2310 1078 2373 di
1108 2308 1165 2371 καί
1192 2300 1361 2389 κλητοόριον

274 2408 422 2487 μέγιστον
451 2407 486 2471 όν
510 2407 557 2493 spi
582 2406 813 2473 Ἰοοστινιανοό
839 2406 1003 2497 τρικλάυρ,
1047 2407 1103 2471 κατ’
1125 2394 1398 2489 εόφρανθέντεςτο

278 2501 452 2567 traducum
471 2510 566 2566 πᾶσιν
586 2511 651 2576 τοῖς
673 2508 729 2588 τῆς
749 2500 922 2589 συγκλήτου
943 2499 1240 2589 βεστομιλιαρησια.
1280 2502 1362 2566 ἰστέ-

344 2670 370 2708 a·
387 2652 504 2714 zon,
519 2651 642 2715 'lesden
660 2648 706 2706 ότι
722 2652 755 2706 ἐν
771 2658 831 2711 τοῖς
847 2650 1069 2726 ἐξονομασθετσι
1085 2649 1187 2710 τόποις
1203 2648 1290 2721 degat
1306 2650 1363 2708 τάν

344 2728 443 2794 μεραλν
460 2727 508 2775 καλ
525 2721 667 2795 εόφημόαε
682 2726 828 2793 γίνονται.

277 2861 369 2907 autem
387 2863 419 2907 ut
434 2864 581 2923 venerant,
599 2858 803 2912 descendebant
819 2874 852 2911 ex
871 2860 959 2931 equis,
977 2863 1006 2911 et
1023 2853 1164 2910 intrabant
1180 2857 1210 2909 in
1227 2856 1362 2929 templum

278 2928 463 2978 sanctissimae
481 2929 688 2997 brigantinus,
712 2936 872 2981 oecurrente
898 2929 938 2981 lbi
956 2926 1109 2997 patriarcha
1128 2944 1189 2979 cum
1207 2934 1267 2981 toto
1287 2926 1362 2978 ordi-

277 3013 314 3047 ne
331 3013 443 3064 magnae
461 3000 591 3050 ecelesiae
617 2998 653 3050 ad
675 3000 787 3051 modum
806 3000 1018 3069 supplicantium
1043 2997 1220 3068 procedente.
1255 2998 1288 3049 ln
1308 2999 1362 3049 isto

278 3067 381 3134 templo
400 3067 586 3121 accendebant
602 3071 713 3122 Domini
732 3086 824 3120 cereos
842 3086 857 3119 a
875 3070 1032 3138 praeposito
1050 3068 1181 3131 traditos,
1199 3074 1228 3119 et
1243 3066 1365 3136 peraetit

277 3135 422 3205 precibus,
450 3138 578 3201 exibant,
603 3140 742 3191 exuebant
765 3140 942 3203 vestimenta,
967 3139 1060 3209 qualia
1087 3136 1219 3189 hactenus
1236 3144 1363 3204 gestave-

279 3214 356 3269 rant,
373 3207 540 3261 militaribus
563 3208 778 3278 imperatoribus
805 3225 935 3277 congerro.
953 3216 982 3261 et
998 3206 1151 3259 induebant
1168 3213 1262 3259 contra
1283 3203 1364 3257 dibo-

280 3278 349 3327 tesia
364 3276 501 3350 triblattia
522 3286 551 3329 et
568 3280 721 3346 chlamydes
740 3296 807 3329 auro
822 3278 940 3331 intextas
951 3286 980 3330 et
997 3278 1150 3361 campagia3
1169 3274 1253 3327 etsie
1269 3291 1364 3346 porro,

279 3346 507 3414 praecedentibus
526 3364 616 3399 coram
629 3349 695 3416 ipsis
713 3350 796 3399 saeris
813 3349 893 3413 vasis,
913 3347 1023 3411 labaris,
1042 3348 1144 3416 segnis,
1163 3345 1279 3407 bandis,
1304 3361 1364 3397 ma·

280 3414 339 3484 guis
358 3408 486 3484 sceptris,
509 3418 599 3468 aureis
617 3418 735 3469 damulis
757 3424 787 3468 et
803 3418 953 3468 venerabili
977 3434 1065 3480 eruce,
1084 3431 1154 3499 quae
1172 3413 1362 3485 magnitudine

279 3500 500 3603 gemmarumque
512 3504 625 3539 nurnero
643 3486 801 3557 spectabilis
821 3494 879 3550 est,
899 3488 1012 3539 traiecto
1030 3485 1122 3538 medio
1140 3484 1210 3550 loro,
1229 3480 1361 3553 procedo-

300 3564 348 3605 aut
367 3572 452 3625 usque
471 3556 506 3606 ad
525 3558 646 3623 milium;
665 3574 713 3628 per
736 3560 813 3609 cuius
838 3559 973 3628 porticum
992 3557 1106 3625 ingrcssi
1124 3556 1154 3605 in
1171 3552 1355 3619 horologium,

281 3622 458 3692 deponebant
481 3626 581 3677 lnlsrlas
606 3637 634 3678 et
651 3646 763 3679 coronas
789 3630 818 3679 iu
836 3629 999 3689 metatorio,
1017 3626 1091 3697 quod
1108 3634 1151 3678 cst
1168 3626 1241 3674 intra
1260 3622 1362 3675 sormo-

280 3710 337 3745 sam
357 3702 462 3762 portam
483 3693 604 3763 {maguae
624 3700 752 3749 ecciesiae
768 3714 816 3748 seu
836 3699 861 3750 S.
880 3696 1026 3769 Sopbiael,
1052 3704 1081 3749 el
1098 3693 1240 3747 intrabant
1256 3692 1286 3746 in
1298 3710 1361 3745 nar·

281 3763 403 3828 theceru‚
422 3765 589 3833 peragebant
605 3782 697 3835 preces
725 3784 786 3817 eum
812 3768 895 3817 cereis
914 3766 987 3835 apud
1004 3766 1121 3817 mediam
1141 3778 1275 3813 sacrarum
1293 3780 1359 3834 por·

282 3842 384 3895 tarum,
404 3835 544 3887 intrabant
561 3836 690 3905 deinceps
709 3837 737 3887 in
755 3837 835 3887 berna
853 3853 913 3887 cum
932 3837 1096 3905 patriarcba,
1116 3840 1145 3882 et
1157 3832 1196 3884 sic
1215 3849 1297 3901 porro
1318 3850 1361 3885 re-

281 3904 358 3971 liqua
383 3903 469 3953 divini
492 3907 576 3957 officii
606 3919 635 3959 et
658 3911 792 3975 ingressus
823 3908 851 3957 ln
876 3908 1007 3976 palatium
1035 3902 1233 3971 peragebantur
1257 3902 1360 3965 ‘codem

280 3972 379 4035 modo,
403 3986 458 4041 quo
482 3979 573 4041 perspi
595 3978 685 4030 solent
707 3978 735 4028 ln
755 3977 913 4029 solennibus
946 3970 1105 4027 securalibus
1130 3973 1359 4042 processionibus.

280 4044 312 4095 ln
330 4044 385 4095 line
403 4042 609 4111 exponebantur
627 4047 727 4114 dapes,
749 4056 778 4099 et
795 4046 880 4099 fiebat
896 4044 1050 4097 convivium
1074 4044 1221 4095 maximum
1247 4044 1278 4094 in
1303 4057 1360 4093 ma·

280 4130 332 4181 guo
352 4114 497 4164 Iustiniani
516 4115 651 4175 triclinio,
671 4134 755 4186 eaque
774 4120 850 4169 sanita
870 4114 1018 4175 hilaritate,
1036 4113 1176 4167 donabant
1185 4114 1297 4165 Domini
1314 4126 1358 4161 te·

279 4184 359 4233 nutui
377 4193 463 4233 restes
483 4191 511 4235 et
528 4186 685 4244 ruiliaresia,
725 4187 819 4238 Adhuc
844 4184 1007 4246 notandum,
1024 4184 1226 4237 cerimonialem
1246 4180 1356 4263 quidem

280 4253 486 4324 apparationem
505 4251 534 4307 e't
551 4256 757 4311 mundationem
770 4257 850 4310 Urbis
869 4272 936 4329 opus
953 4254 1037 4310 lirisse
1047 4254 1180 4327 praelecti
1198 4252 1295 4307 Urbes:
1313 4266 1356 4305 or·
