3125 4917
280 397 361 507 ηδ
460 419 730 484 concinnum
759 419 1124 486 eouenruoonunr

276 575 423 655 ἔρχονται
435 621 445 650 ,
476 572 531 633 καί
550 566 613 634 εἶθ’
633 567 734 644 οὕτως
756 571 880 632 δίδοται
902 567 963 631 dud
986 567 1157 644 κελεδσεισς
1174 567 1364 652 μετοιστιὲσι·
1392 621 1394 626 .

271 694 334 750 μου
362 673 398 732 ἑν
426 671 469 754 τῷ
490 671 663 753 λιιυσιοκῷ.
711 671 768 730 καί
787 668 977 748 α’ντέρχονται
997 662 1135 744 ἅπαντες
1155 665 1207 732 διὰ
1228 671 1287 732 τοῦ
1306 691 1365 749 μο-

242 765 414 848 omnique
435 771 493 829 τοῦ
516 761 604 843 ὄντος
625 764 680 835 ἐπί
700 765 755 828 τόν
775 762 893 828 ridenda
921 767 955 827 ἐν
976 768 1016 851 τῇ
1036 769 1176 854 μυστικῇ
1195 765 1365 852 φιάλῃτοῦ

270 859 454 948 τρικόγχου,
486 863 696 947 βαστάζοντες
726 859 862 937 ἅπαντες
891 863 999 926 αὐτῶν
1020 866 1113 947 κηρία
1142 867 1199 947 τῆς
1219 868 1324 948 λιτῆς,
1347 861 1365 926 ci

272 966 309 1026 δέ
336 963 489 1044 βασιλεύς
521 967 682 1045 ἐξέρχεται
711 964 746 1026 ἑν
776 966 819 1050 τῷ
841 964 1107 1049 χρυσοτρικλίνιρ,
1129 964 1305 1047 ἐξέρχονται
1329 964 1385 1028 dib

272 1064 330 1125 καί
349 1060 378 1124 οἱ
401 1059 496 1144 ἱερεῖς
515 1061 579 1124 rinei
601 1066 656 1145 τῆς
670 1062 836 1144 ἐκκλησίας
855 1062 909 1124 τοῦ
931 1056 1059 1144 φόρου,
1080 1060 1289 1140 βαστάζοντες
1310 1057 1364 1124 τὸν

134 1166 185 1218 tls.
196 1157 414 1244 θλασταυρδν
442 1165 498 1244 τῆς
528 1162 711 1243 ἑκκλῆσιλις,
741 1161 797 1222 καί
815 1161 892 1242 παρ’
913 1155 993 1222 αὐτοὶ
1016 1153 1169 1242 ὅρχαιται
1188 1158 1223 1223 τὰ
1246 1154 1367 1242 τροπά-

272 1281 343 1342 ριον
363 1260 420 1340 τῆς
440 1263 528 1341 λιτῆς
549 1256 625 1343 ,τῆν
645 1254 753 1340 κοινῆν
774 1253 982 1322 ιῖι·ιι’στασιν.”
1011 1257 1068 1320 καί
1087 1255 1326 1340 δῆριγευόμενος
1347 1245 1364 1316 ri

270 1355 423 1439 βασιλεῦς
446 1356 506 1421 sind
527 1362 591 1422 τῶν
610 1362 668 1422 τοῦ
688 1361 912 1440 κουβουκλείου
932 1353 1095 1437 ἁπάντων,
1118 1355 1276 1438 διέρχεται
1296 1347 1367 1421 ὅτι·

271 1458 350 1519 σθεν
374 1459 431 1540 τῆς
459 1459 547 1541 λιτῆς
576 1457 632 1519 καί
654 1456 819 1541 ἐξέρχεται
850 1457 885 1522 ἐν
911 1460 956 1542 τῷ
977 1455 1156 1542 ῆμικυκλίιρ1
1171 1451 1288 1539 φιάλης
1306 1457 1407 1520 τοῦτο

270 1550 463 1637 τρικόγχου,
495 1554 552 1618 καί
586 1558 735 1637 δέχονται
761 1549 859 1619 orieris
900 1555 1001 1618 ἐκεῖσε
1028 1555 1186 1635 πατρίκιοι
1216 1553 1271 1614 καί
1291 1550 1369 1637 σίρ-

272 1659 385 1736 κλῆτος
417 1657 475 1718 καί
502 1657 590 1718 πᾶσα
623 1653 642 1739 ῆ
674 1656 883 1737 προέλευσις,
905 1653 1053 1716 κάκεῖθεν
1075 1644 1248 1738 ιῖνιὲρχετοι
1279 1655 1370 1713 λιτα-

271 1751 373 1816 rector
393 1755 428 1816 ἕν
447 1756 487 1839 τῇ
508 1751 637 1853 δάφνῃ,
668 1751 724 1817 καί
743 1754 920 1836 εἰσέρχεται
941 1753 988 1824 εἰς
1007 1747 1061 1812 τὸν
1079 1747 1157 1813 υαδν
1175 1751 1229 1844 τῆς
1248 1743 1369 1829 ὑπερα-

117 1859 173 1915 Ἐιλ
181 1861 211 1914 h.
226 1849 345 1932 ιο3γίας
367 1850 541 1929 Θεοτόκου,
563 1855 619 1913 κατ’
638 1845 728 1928 ἅψας
745 1850 861 1932 κῆροίνς
882 1850 937 1912 καί
956 1847 1145 1928 εὐξάμενος,
1168 1853 1254 1911 τελεῖ
1267 1847 1368 1910 ἐκεῖσε

270 1944 326 2030 τῆν
347 1948 470 2028 ἐκτενῆ,
492 1945 547 2008 καί
565 1940 740 2029 ἀπέρχεται
760 1949 807 2020 είς
826 1943 900 2020 τούς
920 1945 1101 2030 οταυροδς,
1121 1944 1176 2010 κατ’
1197 1943 1407 2025 εδξιὶμενοςιό

272 2045 433 2132 διέρχεται
454 2041 509 2107 διὰ
535 2047 592 2109 τοῦ
613 2042 771 2124 τρικλίνου
791 2047 848 2109 τοῦ
871 2045 1092 2127 αδγουοτέως,
1120 2049 1176 2109 καί
1194 2045 1369 2126 εἰσέρχεται

272 2144 318 2220 εἷς
339 2140 395 2208 τὸν
414 2139 492 2206 ναὸν
512 2146 569 2206 τοῦ
580 2142 670 2226 ἁγίου
684 2143 952 2228 πρωτομάρτυρος
968 2142 1144 2229 Στεφάνου,
1165 2142 1262 2216 ariaci
1277 2136 1372 2216 εδξά-

271 2263 365 2322 μενος
380 2246 471 2302 τελεῖ
478 2244 592 2302 eluctor
612 2241 669 2324 τῆν
689 2245 797 2327 ἐκτενῆ
803 2296 813 2325 ,
845 2245 901 2307 καί
922 2241 1162 2328 δῆριχευόμενος
1185 2245 1227 2306 δι’
1255 2233 1370 2323 adroic,

273 2341 437 2423 διέρχεται
458 2335 511 2399 dcci
534 2340 592 2399 τοῦ
613 2337 815 2417 αιἰχουοτέως
836 2347 891 2406 καί
910 2346 966 2425 τῆς
988 2337 1105 2422 α’ψίδος
1119 2345 1178 2405 τοῦ
1193 2341 1370 2426 τρικόρχου,

273 2440 329 2502 κατ’
355 2440 506 2518 μένουσιν
529 2432 558 2498 oi
583 2438 741 2516 βασιλικοί
768 2437 803 2498 ἐν
833 2441 873 2520 τῆ
893 2441 973 2523 adep}
994 2441 1087 2520 ἅψιδι
1112 2443 1170 2502 τοῦ
1191 2439 1409 2521 τρικδγχοιν,κο

273 2531 523 2622 διιερευχόμενοι
553 2532 608 2598 τὸν
637 2534 781 2614 βασιλέα,
827 2537 896 2618 (Δ.)
920 2532 958 2600 Ὁ
978 2537 1013 2597 δὲ·
1033 2533 1184 2614 βασιλεὺς
1205 2531 1369 2615 δῆριγευδ-

273 2655 367 2717 μενος
385 2630 448 2696 rimi
468 2634 531 2696 τῶν
552 2626 717 2717 ἀρχόντων
736 2635 796 2695 τοῦ
817 2633 1056 2713 κουβουκλείου,
1078 2629 1252 2714 πατρικίων
1265 2653 1300 2692 τε
1315 2632 1371 2694 καί

272 2732 568 2816 πρωτοσααθαράσν
589 2733 644 2792 καί
662 2734 720 2813 τῆς
739 2729 935 2814 συγκλῆτου,
964 2729 1314 2814 στιαθαροκανδιδὰτιον
1336 2753 1369 2793 τε

249 2828 335 2893 Βκαί
352 2832 408 2894 ἐπί
425 2831 484 2894 τοῦ
504 2827 684 2912 μαχλαβίσυ
706 2828 762 2893 καί
781 2834 899 2894 λοαιιόν
920 2831 1098 2910 οἶκειακῶν,
1127 2829 1288 2912 διέρχεται
1315 2824 1369 2893 διὰ

346 2967 372 3019 ³.
391 2965 440 3017 lul
453 2961 486 3016 asi
502 2963 544 3014 erl.

275 3085 305 3136 iu
324 3091 423 3135 terram
441 3083 651 3152 procumbentes
670 3101 731 3134 eum
751 3083 918 3146 adorarunt,
943 3084 1057 3153 stragulis
1085 3100 1191 3135 crucem
1210 3081 1315 3142 donat,
1340 3081 1369 3134 hi

275 3153 368 3204 felicia
388 3153 550 3223 Imperatori
568 3156 722 3222 apprecati,
750 3153 861 3210 abeunt..
900 3155 945 3205 Sic
967 3169 1077 3223 quoque
1096 3167 1236 3270 processus
1263 3152 1292 3201 iu
1311 3153 1372 3201 lau·

275 3223 348 3274 siaco
366 3241 382 3275 a
400 3223 529 3276 mandato
548 3226 721 3285 instituitur,
751 3239 901 3295 omnesque
924 3241 973 3292 per
999 3230 1205 3288 rnurrotryrana,
1236 3235 1305 3291 quae
1336 3219 1371 3272 ad

245 3352 250 3360 .
275 3295 408 3343 aerarium
427 3295 561 3363 privatum
579 3294 608 3344 iu
633 3293 726 3361 phiala
747 3301 851 3343 secreta
869 3291 1003 3345 triconcbi
1024 3291 1117 3352 discit,
1139 3307 1231 3358 cereos
1259 3307 1372 3361 proces·

276 3361 395 3412 siouales
413 3372 557 3428 gestantes,
576 3364 737 3431 procedunt,
756 3363 905 3431 imperator
922 3361 1171 3427 chrysotricliuiurn
1185 3361 1264 3430 petit,
1282 3377 1371 3412 sacer·

277 3430 371 3490 dotes,
396 3447 503 3482 crucem
527 3435 659 3486 ecciesiae
678 3432 879 3500 praeferentes,
906 3450 921 3482 e
942 3433 1044 3499 templo
1070 3429 1149 3499 pbari
1168 3431 1323 3501 prodeunt,
1343 3437 1371 3480 ct

277 3501 382 3550 interca
399 3504 547 3568 troparium
569 3505 767 3572 processionis:
789 3503 961 3554 Coruuuurem
985 3503 1235 3563 ικιαιϊιτιίσνιιοι,
1259 3498 1370 3551 exordi-

277 3579 370 3620 untur.
406 3571 568 3636 imperator,
586 3573 761 3626 cubiculariis
786 3571 993 3633 comitantibus,
1019 3574 1222 3639 processionem
1246 3571 1371 3638 seqnitur

279 3647 308 3690 et
327 3639 504 3707 hemicyclum
518 3639 628 3707 phialae
648 3641 781 3695 triconchi
795 3641 875 3710 petit,
893 3639 941 3692 nbi
960 3643 1078 3710 patricii,
1097 3651 1208 3693 senatus
1226 3641 1370 3708 omnisque

277 3725 378 3778 pompa
396 3728 458 3761 eum
475 3710 595 3778 excipit:
615 3712 688 3764 uude
706 3713 740 3764 ad
758 3707 895 3781 daphnem
913 3729 1048 3782 pergens,
1067 3713 1199 3780 templum
1221 3710 1246 3761 S.
1267 3710 1369 3776 Deipa-

278 3796 326 3830 rae
345 3780 506 3848 ingreditur,
525 3795 641 3848 cumque
659 3784 744 3833 cereis
763 3783 882 3834 accensis
901 3792 1041 3849 precatus,
1060 3790 1198 3832 extensam
1219 3779 1260 3830 ibi
1278 3777 1368 3836 canit,

278 3848 314 3898 ad
333 3866 426 3900 cruces
446 3849 567 3910 accedit,
587 3859 768 3921 precatusque
792 3869 840 3921 per
859 3853 1009 3904 triclinium
1027 3851 1174 3921 augustalis
1194 3849 1324 3918 templum
1342 3843 1366 3894 S·

277 3919 361 3985 primi
380 3924 505 3987 martyris
524 3919 654 3989 Stephani
677 3922 770 3982 intrat,
789 3931 817 3973 ct
834 3933 968 3992 precatus,
987 3930 1123 3974 extensam
1144 3921 1184 3972 ihi
1204 3922 1287 3979 canit,
1307 3927 1368 3964 ¹¹¹⁰!

279 3986 315 4037 ab
334 3987 430 4040 iisdem
449 3993 582 4060 stipatus,
608 4005 657 4059 per
676 3992 818 4057 augcutule
840 4000 869 4044 et
886 3991 1021 4044 triconehi
1047 3991 1169 4061 apsidem
1207 3988 1319 4044 transit.
1339 3984 1369 4032 5¹²

279 4057 356 4108 cuius
375 4061 470 4112 aisidc
493 4059 625 4113 tricouclri
650 4059 823 4127 imperatoris
844 4062 977 4124 ministri,
1004 4062 1089 4113 saresta
1109 4061 1220 4113 cloruino
1239 4067 1368 4123 appreca-

280 4127 350 4189 curt,
371 4080 479 4184 adsunt.
516 4131 593 4196 (IV.)
629 4127 655 4182 ls
674 4147 754 4198 porro
773 4149 789 4181 a
807 4133 952 4200 praesectis
979 4132 1116 4192 cubiculi,
1143 4128 1279 4200 patriciis.
1303 4138 1369 4190 pro·

280 4197 455 4264 torpatlrariis
472 4208 501 4252 et
518 4209 630 4263 acuatu,
649 4198 949 4268 rpanamcsndidaus,
968 4201 1137 4254 mancla'ritis
1156 4208 1184 4252 et
1202 4194 1297 4247 ceteris
1318 4191 1369 4242 do·

280 4269 402 4322 mesticis
420 4271 541 4337 cinctus,
564 4287 615 4341 per
640 4269 750 4324 ianuam
767 4270 803 4323 ad
821 4271 915 4325 fiscum
936 4273 1073 4344 priuatum
1097 4270 1241 4325 ducentem
1268 4263 1367 4317 tramit
