3125 4917
391 461 445 524 nn
475 457 669 524 musuou.
698 457 836 524 uncle
862 459 1032 526 emur.
1061 465 1103 527 u.
1124 468 1175 535 52
1236 465 1315 550 771

245 613 289 676 δι’
317 610 497 691 άλλαξίμων
536 608 624 676 ἔνδον
656 614 715 676 τοῦ
746 617 918 696 παλατίου,
955 615 1011 679 καί
1029 617 1254 698 σνγκαθέζεται
1276 617 1323 702 τῷ

242 713 372 791 βασιλεῖ
386 711 431 787 εἰς
445 713 644 776 συνεστίασιν
664 708 681 774 o‘
695 708 892 798 πατριάρχης
912 715 968 780 ε’πί
984 715 1041 798 τῆς
1055 713 1228 800 άποκονιτῆς
1240 740 1322 800 χρυ-

241 809 299 892 σῆς
316 811 470 894 τραπέζης
489 809 523 873 έν
539 810 583 898 τῷ
601 812 729 898 χρυσέῳ
749 815 913 901 τρικλίνῳ,
948 814 1005 877 κσί
1032 815 1086 876 δεῖ
1108 812 1194 896 ἡμᾶς
1213 807 1322 898 εάτρε·

241 907 344 984 πίζειν
368 908 424 972 έπί
446 909 505 988 μὲν
524 908 581 992 τῆς
606 911 729 994 χρυσῆς
758 911 913 995 τραπέζης
939 913 1054 998 φιλους
1096 911 1159 976 εἰπέ
1178 915 1240 993 μέν
1259 913 1322 976 τάν

221 1002 472 1090 ὅμητρσπολιτσῖν
492 1002 523 1086 ι’,
558 1005 614 1071 καί
641 1002 705 1073 άπὸ
733 1011 795 1074 τῶν
820 1010 992 1090 βασιλικαῖν
1019 1012 1239 1096 πρεσβυτέρων
1265 1012 1324 1076 τοῦ

238 1105 391 1168 παλατίου
404 1106 448 1184 ἓξ,
470 1105 527 1169 καί
544 1107 737 1190 ἡγουμένους
757 1114 822 1174 sois
839 1111 1012 1191 βασιλικῶν
1030 1113 1250 1196 μσναστηρίων
1270 1110 1310 1194 ιβ
1310 1158 1321 1192 ,

239 1198 377 1286 εἰσάγειν
403 1203 439 1268 δέ
471 1202 591 1281 ου’τοάς
611 1207 668 1271 καί
685 1207 808 1290 ἐξάγειν
825 1202 947 1294 οὕτως·
987 1205 1065 1284 τοάς
1083 1210 1143 1289 μὲν
1163 1231 1323 1294 μητροπο·

236 1300 324 1377 λίτας
340 1298 423 1380 μετά
445 1305 509 1366 τιόν
529 1305 652 1371 οἰκείων
672 1301 912 1387 άλλαξιμάτων,
932 1299 1014 1390 πλὴν
1034 1307 1097 1372 τῶν
1116 1306 1321 1393 αἰμοφορίων,

234 1394 311 1473 τοάς
329 1399 366 1462 δέ
385 1402 618 1485 πρεσβυτέρους
648 1401 726 1486 μετά
747 1407 811 1470 τῶν
837 1407 957 1470 λευκοῖν
976 1406 1160 1490 φελωνίων,
1189 1401 1263 1480 τούς
1284 1407 1322 1470 δέ

198 1489 425 1580 ισῆγουμένους
452 1498 509 1564 καί
528 1498 646 1579 αἰτοάς
664 1499 743 1584 μετά
777 1506 842 1567 ταῖν
870 1505 993 1568 οἰκείων
1019 1499 1126 1569 adenis
1147 1500 1348 1587 polemium

233 1591 288 1659 έπί
306 1597 342 1659 δέ
361 1599 426 1660 τῶν
445 1598 532 1662 κάτω
550 1602 715 1682 τραπεζῶν
735 1601 790 1666 δεῖ
804 1600 890 1684 ἡμᾶς
908 1606 1075 1685 συγκαλεῖν
1095 1598 1157 1665 άπὸ
1177 1603 1240 1664 ταῖν
1260 1603 1320 1679 βα·

231 1695 359 1758 sitands
379 1697 534 1779 κληρικῶν
560 1695 623 1760 αἰιὸ
642 1699 696 1780 τῆς
714 1695 831 1776 τάξεως
849 1701 912 1763 ταῖν
932 1696 1088 1764 διακόνων
1106 1696 1163 1762 καί
1184 1698 1320 1760 κατωτέ·

232 1807 279 1874 ριν
300 1795 354 1856 καί
374 1791 435 1872 sisso*
467 1797 526 1858 τοῦ
558 1797 720 1880 σεκραίτου
749 1799 806 1860 τοῦ
832 1795 1034 1883 πατριάρχου
1061 1792 1227 1876 παπάδας,
1262 1792 1320 1860 τὸν

231 1884 380 1975 ἀριθμὸν.
395 1940 404 1958 .
419 1935 454 1958 ..
495 1889 631 1976 εἰσάγειν
652 1895 688 1958 δέ
719 1897 777 1958 καί
798 1893 920 1977 ἰξάγειν
946 1892 1064 1970 adroic
1086 1890 1167 1974 μετά
1188 1895 1253 1956 τῶν
1272 1893 1321 1957 αἰ·

192 1984 321 2054 ιὸκείων
349 1989 457 2054 edesio
491 1988 645 2072 καμισάυν
666 1995 733 2062 ,καί
755 1989 863 2072 μόνον.
901 1995 943 2079 τῇ
971 1993 1007 2055 δὲ
1034 1995 1106 2077 ἕκτῃ
1139 1989 1243 2077 ἦμέρρ
1262 1992 1321 2072 τῆς

230 2081 330 2172 odric
349 2087 496 2174 περιόδου
516 2094 650 2154 τελεῖται
672 2091 856 2176 προέλευσις
885 2087 1010 2173 παγανὴ
1030 2087 1112 2170 μετά
1143 2083 1320 2167 άλλαξιμά-

228 2209 292 2250 των
320 2181 411 2251 ἔνδον
437 2189 495 2250 τοῦ
522 2189 695 2269 πσλατίου,
722 2191 779 2253 καί
810 2187 989 2272 εἰσάγονται
1020 2188 1050 2252 οἱ
1072 2187 1108 2250 ἐκ
1125 2181 1319 2269 Βουλγάρων

228 2283 316 2367 φιλοι
338 2281 420 2364 μετά
442 2288 506 2349 τοῖν
527 2287 563 2350 έκ
588 2289 793 2372 Βουλγαρίας
811 2285 932 2370 δαέρων.
973 2288 1030 2350 καί
1046 2290 1179 2350 τελεῖται
1199 2279 1317 2365 κλρτιά-

227 2403 296 2464 ριον
316 2382 351 2444 έν
369 2385 414 2467 τῷ
433 2376 519 2470 adrui
540 2385 735 2473 περιβλέπτιρ
762 2385 907 2471 τρικλίνῳ
928 2383 984 2448 έπί
1000 2387 1056 2466 τῆς
1077 2383 1174 2462 αὐτῆς
1192 2381 1315 2463 χρυσῆς

182 2479 400 2564 νοτρασέζης,
423 2481 479 2544 καί
501 2481 555 2544 δεῖ
570 2480 652 2564 ἡμᾶς
671 2481 865 2566 εὐτρεπίζειν
885 2483 931 2557 εἰς
950 2483 1151 2544 συνεστίασιν
1176 2479 1235 2542 τοῦ
1252 2481 1344 2559 liu-G

223 2579 335 2653 σιλέως
355 2578 469 2662 φίλους
489 2574 551 2641 dno*
578 2581 635 2664 τῆς
660 2577 775 2655 τάξεως
807 2580 871 2642 τῶν
890 2576 1088 2664 μαγάντρων,
1122 2575 1313 2669 ἀνθυπάτων

223 2672 279 2738 καί
295 2673 426 2750 λοιποάς
453 2673 515 2740 σάν
540 2679 605 2741 τάν
624 2679 659 2743 ἐκ
678 2678 874 2762 Βουλγάριον
894 2679 997 2762 φίλων
1017 2678 1073 2741 καί
1090 2675 1136 2764 τῷ
1156 2672 1313 2758 δρουγγα-

224 2772 281 2862 ρίιρ
302 2776 360 2858 τῆς
388 2777 496 2859 βίγλης
526 2775 581 2839 καί
600 2776 644 2862 τῷ
666 2776 839 2863 δομεστίκιρ
861 2777 923 2841 τῶν
953 2770 1128 2854 ἰκανάτων,
1163 2770 1219 2837 τάν
1240 2775 1313 2855 eips-

222 2868 309 2955 dpuis
329 2868 366 2937 λ’·
399 2876 553 2957 στιχίζειν
573 2876 610 2942 δὲ
632 2872 753 2949 adrosis
773 2873 829 2939 καί
848 2870 986 2956 εἰσάγειν
1005 2870 1087 2937 κατά
1109 2869 1163 2938 τὸν
1180 2874 1313 2954 λεχθέν-

220 3095 380 3164 Impesutori
399 3095 513 3148 oonrlss
534 3093 569 3146 sd
587 3095 754 3166 peculiarem
772 3111 885 3149 auream
900 3111 1021 3151 mensum
1040 3097 1070 3148 in
1086 3095 1308 3163 chrysotriclin05

220 3173 250 3217 et
267 3165 401 3217 invitandi
419 3165 500 3217 nobis
519 3172 584 3217 sunt
600 3165 635 3216 scl
654 3180 764 3220 erucam
785 3165 897 3236 quidem
915 3183 1035 3219 mensam
1051 3167 1147 3228 surici,
1166 3174 1307 3233 metropo-

220 3233 287 3288 litae
305 3234 413 3299 decem,
436 3232 588 3306 presbytcri
606 3235 723 3305 palatini
751 3251 800 3286 sex
828 3245 857 3288 ct
881 3234 1025 3286 duodecim
1044 3233 1191 3301 hegumeni
1209 3248 1306 3284 mons·

219 3306 365 3358 steriorum
385 3305 584 3375 imperialium,
608 3306 656 3374 qui
674 3306 713 3356 sic
730 3303 955 3357 introducuntur:
986 3303 1179 3371 metropolitae
1198 3303 1227 3353 in
1246 3304 1303 3354 suis

220 3377 389 3440 mutatoriis,
416 3385 523 3445 practer
542 3375 717 3444 ornophorio;
742 3371 893 3443 presbytcri
912 3391 973 3425 cum
991 3372 1061 3424 albis
1081 3372 1234 3441 pheloniis3
1252 3372 1304 3424 hc·

219 3447 328 3512 gumcni
346 3462 408 3497 cum
428 3445 484 3496 suis
502 3443 557 3495 sibi
573 3444 691 3515 propriis
710 3443 855 3513 plrcloniis.
890 3445 931 3497 Ad
950 3443 1094 3495 inferiores
1113 3451 1205 3493 sutem
1223 3459 1304 3493 rnen·

219 3530 261 3565 sss
280 3517 425 3568 invitemus
444 3514 565 3569 delectos
588 3514 700 3568 clericos
717 3515 852 3583 palatinos
870 3513 906 3564 ab
925 3513 1021 3576 ordine
1039 3511 1217 3564 diaconorum
1236 3513 1303 3565 iude

217 3586 303 3638 etsie
321 3602 402 3655 porro
428 3585 572 3639 inferiores
599 3583 707 3638 ordines
731 3591 759 3634 et
786 3584 882 3636 secreti
908 3582 1080 3653 patriarchae
1108 3580 1228 3654 papadcs
1253 3600 1301 3636 scu

218 3654 380 3718 monachos,
405 3655 435 3706 in
453 3657 609 3710 universum
628 3692 635 3707 .
653 3694 688 3712 ..
722 3655 758 3707 lli
778 3655 843 3707 solis
860 3654 890 3705 in
906 3655 964 3706 suis
983 3654 1100 3705 camisiis
1119 3651 1301 3704 introducun-

217 3731 263 3776 tur
281 3733 309 3776 ct
333 3725 493 3780 educuntur.
537 3728 619 3779 Sexto
643 3724 688 3777 die
707 3724 829 3777 eiusdem
854 3724 927 3778 orbis
958 3723 1082 3797 [dicrum
1118 3737 1217 3791 nempe
1250 3739 1299 3773 scu

215 3793 397 3867 septimanae]
417 3798 556 3866 peragitur
571 3797 708 3866 processio
727 3812 831 3866 pagana
849 3796 878 3846 in
895 3794 1050 3847 mutatoriis
1069 3795 1141 3846 intro
1157 3792 1298 3863 palatium,

217 3870 246 3914 et
264 3865 475 3918 introducuntur
494 3867 574 3919 amici
592 3867 699 3934 uulgari
718 3883 778 3917 curu
799 3865 877 3917 donis
898 3882 911 3916 c
930 3865 1056 3933 liutgario
1075 3865 1182 3928 allatis3
1205 3869 1233 3912 et
1250 3877 1297 3912 cc-

214 3930 338 3984 lebrotur
365 3938 517 3989 convivium
544 3938 573 3990 in
599 3938 695 3990 eodem
720 3936 823 3987 illustri
846 3936 965 3987 triclinio
993 3952 1075 4005 super
1101 3933 1195 3985 cadem
1212 3947 1294 3980 aures

214 4018 322 4064 menni
348 4003 540 4078 imitandique
564 4013 628 4059 sunt
654 4006 734 4058 nobis
762 4005 798 4058 sd
821 4005 1017 4059 convivandum
1036 4002 1194 4074 Imperatori
1213 4000 1294 4050 amici

215 4072 249 4122 de
268 4071 364 4124 ordine
382 4079 589 4144 magistrorum,
613 4077 805 4160 proconsulum
828 4085 856 4130 ot
878 4086 1030 4129 ceterorum
1049 4091 1102 4127 uns
1121 4089 1181 4124 cusu
1199 4069 1294 4133 euticis

214 4142 336 4210 Bulgsris
358 4149 386 4194 et
404 4142 550 4216 drungario
568 4147 678 4216 vigilite
697 4155 725 4200 ct
742 4147 892 4199 domestico
916 4147 1116 4202 lsicsnntorum,
1135 4140 1174 4206 ,sd
1198 4155 1293 4204 nurne-

214 4228 274 4264 sum
292 4212 418 4280 trigiam
446 4216 647 4288 ordinandique
667 4225 696 4268 et
714 4215 908 4269 introducendi
926 4216 1022 4269 eodem
1040 4211 1136 4272 modo,
1159 4225 1239 4290 quern
1257 4206 1293 4260 sd

213 4283 332 4354 primum
356 4281 429 4334 diem
456 4288 640 4356 exposuimus.
676 4286 717 4340 dd
741 4287 885 4340 inferiores
909 4292 1001 4339 autem
1017 4295 1121 4337 menso·
1141 4279 1293 4333 intimius
