3125 4917
247 328 304 388 XX
629 329 684 395 ΙΟ.
713 330 793 397 ric.
824 332 972 397 uuum

246 490 343 540 strum
368 478 600 543 Constantinum
623 481 713 567 legati
739 482 782 545 illi
805 484 954 567 Hispani,
975 505 1106 567 quonum
1131 484 1226 549 altero
1252 486 1330 549 libro

244 582 368 640 montio
381 580 422 643 lit.
463 582 511 643 Ec
530 602 651 665 quoquc
670 583 819 665 ,cuiculi
840 587 915 645 scitu
942 595 1006 661 est,
1036 605 1114 667 spine
1140 607 1203 667 quo
1233 591 1328 647 comi·

243 686 310 738 tatu
330 676 458 741 celebris
478 678 531 741 illc
559 680 729 743 'Russorum
751 680 950 745 Archontisse
971 705 1026 745 scu
1054 684 1201 761 Ducissc,
1228 683 1329 767 Elgc,

244 775 293 837 vel
316 776 416 861 Olgn,
439 789 474 841 ut
496 779 548 841 elii
570 778 745 863 appellent,
767 780 865 843 CPliu
886 784 1025 861 venerit,
1047 793 1187 859 suerint,
1208 793 1239 843 et
1259 786 1330 866 qni·
1463 818 1467 825 ·

107 873 189 928 Eot.
197 874 235 929 vl
242 874 300 937 bus
323 876 491 941 honoribus
510 880 657 963 donisque
677 900 745 941 eum
763 891 795 941 et
813 884 992 943 comitatum
1013 881 1144 965 Augusti
1161 884 1258 944 nostri
1283 882 1330 943 ni·

242 975 393 1055 fecerint,
426 999 488 1061 quo
521 981 554 1040 iu
578 977 716 1041 oonclnvi
753 980 969 1043 Constantinus
989 990 1021 1043 et
1042 981 1197 1044 llcmenus
1221 980 1329 1058 lilius,

243 1094 305 1158 quo
328 1096 433 1139 rursus
454 1078 571 1141 Helena
600 1078 740 1163 Augusto
761 1090 793 1141 et
823 1082 889 1143 eius
920 1102 1017 1143 nurus
1040 1101 1109 1143 enm
1136 1084 1328 1165 exceperint,

242 1184 273 1235 ct
295 1175 334 1236 ccl
365 1176 572 1261 colloquium,
593 1190 646 1241 eut
672 1189 703 1240 et
725 1179 765 1241 nd
795 1178 920 1262 epulus,
940 1191 971 1243 et
991 1181 1104 1264 quibus
1123 1181 1248 1257 diebus,
1273 1178 1329 1242 ecl·

240 1276 389 1357 miserint,
412 1278 535 1361 quando
554 1298 656 1341 comm
671 1279 818 1362 Augustis
832 1290 924 1359 stare,
944 1280 1067 1363 pseudo
1088 1281 1245 1343 considere
1265 1283 1336 1341 ius-

241 1374 346 1434 serint.
402 1375 486 1453 Quid
506 1376 637 1460 denique
657 1376 781 1441 silerem
803 1378 889 1440 urbis
914 1377 1266 1461 Constantinopolitanae
1285 1382 1328 1440 si·

238 1480 306 1532 tum
336 1483 367 1533 et
390 1470 519 1552 faciem,
548 1475 598 1538 vel
625 1486 661 1538 ut
686 1476 864 1560 appellent,
896 1479 1149 1563 topogrcpbiem,
1173 1476 1273 1562 quslis
1292 1498 1329 1540 ec

239 1579 337 1631 cetam
360 1581 449 1651 emt,
469 1574 501 1633 in
529 1574 633 1638 multis
657 1578 769 1639 rectius
791 1598 827 1639 ex
848 1577 908 1640 boc
930 1578 1011 1638 libro
1031 1579 1165 1660 percipi,
1193 1597 1286 1661 quern
1309 1597 1329 1637 e

237 1666 395 1731 Ducsscu
416 1670 494 1731 CPli
520 1673 712 1752 Christiano,
733 1674 892 1757 prceclerc
919 1674 993 1737 elios
1014 1686 1046 1736 et
1068 1674 1229 1739 utilissimo
1246 1673 1328 1737 libro

236 1766 298 1827 viri
321 1766 485 1832 doctissimi
509 1780 540 1831 et
568 1772 600 1831 in
627 1770 754 1833 historie
775 1772 867 1833 medis
896 1775 987 1852 seri,
1013 1772 1181 1856 uysmona
1209 1775 1327 1854 praeci·

235 1884 320 1945 pue,
343 1867 599 1961 exercitatissimi3
621 1879 653 1929 et
673 1866 718 1930 illi
736 1880 841 1931 tumen
862 1868 943 1930 libro
963 1855 1135 1948 nonnulle,
1174 1891 1254 1954 quae
1270 1870 1328 1933 eb-

235 1983 301 2023 csse
329 1962 443 2044 melis,
470 1964 693 2041 adhaeserunt,
725 1985 858 2047 quorum
877 1965 917 2027 de
937 1977 1038 2029 cetero
1062 1969 1185 2029 verrium
1211 1989 1327 2052 ccqtms

234 2062 364 2145 quisque
384 2064 453 2125 viro
475 2062 515 2123 de
535 2062 584 2123 his
605 2061 715 2124 litteris
737 2066 929 2133 meritissimo
947 2064 1034 2127 sutile
1054 2064 1153 2129 lecict.
1183 2066 1232 2129 Eo
1253 2088 1326 2151 per-

233 2162 331 2238 tinet,
352 2172 388 2223 ut
406 2161 439 2223 id
457 2161 558 2222 obiter
583 2164 749 2244 attingam,
779 2160 862 2244 quod
892 2161 1041 2245 pulotium
1057 2166 1269 2248 'Megmume,
1291 2169 1325 2229 in

233 2280 296 2342 quo
322 2258 412 2343 legati
433 2262 528 2343 excipi
556 2270 587 2321 et
611 2260 710 2322 audiri
732 2259 891 2341 solebant,
922 2263 957 2323 in
976 2273 1110 2324 enremc
1132 2263 1218 2326 urbis
1239 2276 1326 2347 parte

232 2358 418 2421 occidentale
438 2360 590 2443 posuerit,
610 2380 706 2442 quum
726 2362 829 2441 mogni
852 2342 970 2443 puletii-'
984 2361 1024 2423 sd
1042 2362 1169 2424 Stcnum
1189 2364 1259 2443 siti,
1291 2366 1325 2426 in

231 2479 294 2542 quo
314 2457 468 2520 ordinario
490 2457 903 2540 lmpcmtores'babitubcnt,
917 2480 989 2541 pars
1008 2471 1093 2523 esset.
1134 2462 1172 2523 ln
1188 2482 1227 2523 co
1244 2484 1324 2545 quo-

232 2578 293 2640 que
313 2559 391 2618 rutio
409 2556 596 2619 Bssnunruss
621 2556 719 2639 sugit,
742 2557 825 2639 quod
846 2558 995 2620 celebrem
1018 2558 1102 2620 illem
1124 2558 1259 2622 Auream
1280 2565 1324 2624 sic

231 2656 344 2717 dictem
370 2666 490 2738 portum
518 2658 550 2715 iu
580 2654 687 2717 mediis
720 2656 881 2718 moenibus
909 2656 981 2718 urbi
1008 2678 1045 2718 ex
1071 2669 1159 2741 purte
1187 2662 1323 2723 terrestri

230 2752 281 2816 rcl
302 2753 481 2815 occidentali
500 2758 665 2837 praetentis
695 2753 831 2818 collocat
871 2754 920 2817 Ea
944 2777 1019 2818 vero
1045 2757 1085 2818 ad
1118 2759 1219 2820 sinum
1242 2759 1323 2821 Pro-

230 2852 376 2936 pontidis¹
392 2855 435 2913 sic
464 2864 529 2917 emt
557 2856 681 2935 positu,
710 2864 745 2914 ut
769 2853 901 2915 novibus
920 2854 961 2915 nd
988 2876 1055 2917 enm
1075 2857 1187 2941 appelli
1210 2869 1324 2941 posset.

206 2996 214 3005 Α.
230 2950 303 3013 Alie
325 2960 496 3035 praetereo,
507 2972 587 3035 quac
607 2954 734 3035 gentium
755 2964 786 3013 ct
806 2952 942 3014 sevorum
961 2954 1034 3015 huic
1054 2957 1140 3036 cpcri
1160 2955 1323 3017 conciliare

229 3061 357 3135 queunt,
382 3072 478 3134 qsrum
497 3053 570 3113 setis
590 3064 621 3114 ct
640 3052 761 3113 abundo
782 3053 858 3112 milri
879 3052 918 3112 tle
937 3051 996 3112 lioc
1016 3064 1196 3135 orgruneutc
1214 3052 1324 3115 dixisse

222 3148 356 3230 -videnr,
377 3160 408 3213 et
427 3171 506 3233 quae
522 3162 679 3233 practerea
698 3150 770 3209 huic
791 3150 877 3231 operi
897 3152 1000 3211 insunt
1026 3153 1104 3212 scitu
1126 3138 1238 3234 (ligno,
1266 3172 1323 3213 ne-

230 3259 365 3333 queunt,
396 3249 449 3309 ubi
471 3251 622 3331 integrum
642 3248 814 3330 prodierit,
836 3249 1025 3310 cruditorum
1043 3248 1148 3311 ocellos
1168 3250 1281 3315 fnllcrc.

314 3344 341 3430 S
365 3346 398 3409 5.
439 3346 490 3408 De
514 3346 721 3429 inscriptione
752 3348 845 3407 liuius
867 3348 953 3410 libri.
1005 3348 1167 3428 Titulum,
1196 3350 1238 3412 de
1267 3368 1323 3412 ee-

229 3447 375 3510 simoniis
398 3446 497 3509 aulae
520 3446 748 3525 anantinae,
771 3446 909 3527 praefixit
929 3442 1002 3506 buic
1026 3449 1111 3529 opcri
1140 3448 1216 3511 cler.
1248 3450 1324 3511 hs·

231 3565 330 3622 cnrus,
351 3542 392 3603 ud
410 3540 581 3623 exemplum
599 3545 678 3602 Meu
698 3554 729 3603 ct
747 3545 900 3603 Fsssmn.
955 3542 1044 3607 Alius
1061 3550 1245 3630 conspicitur
1270 3550 1320 3608 in·

230 3641 358 3706 volucro
380 3643 517 3706 coriaceo
537 3640 785 3702 membranarum
805 3653 978 3725 nostramm
997 3647 1181 3729 impressus3
1210 3668 1321 3730 nempe

228 3740 272 3807 de
297 3742 460 3824 regalibus
485 3740 751 3803 institutionibus.
794 3740 915 3804 Auctor
935 3744 1000 3805 cius
1020 3745 1072 3808 ille
1091 3759 1153 3825 est,
1181 3747 1319 3829 quisquis

230 3846 257 3906 is
276 3840 387 3918 irruit,
408 3842 461 3925 qui
480 3838 673 3902 membranas
693 3860 730 3902 cc
750 3850 835 3902 veste
855 3843 970 3903 amiciri
990 3844 1098 3925 iussit,
1129 3848 1162 3906 in
1182 3865 1243 3927 que
1262 3846 1317 3907 ecl-

179 3922 181 3927 ’
228 3936 291 4001 nus
310 3938 432 4003 mone
487 3938 701 4001 coniciens
727 3938 820 4002 niso
846 3940 1010 4003 nimus
1038 3944 1219 4020 commu„
1245 3942 1316 4005 oru-

228 4039 393 4101 strissimus
420 4037 484 4101 Rex
512 4036 713 4121 Bruges-icc,
742 4040 796 4121 qui
821 4040 1012 4103 membmncs
1037 4053 1157 4104 nostres
1185 4039 1257 4101 olirn
1281 4044 1316 4104 in

227 4134 347 4200 celebre
365 4134 419 4199 illc
437 4156 494 4199 suc
508 4136 648 4200 lludense
669 4135 854 4201 bibliothece
866 4139 937 4202 ideo
951 4140 1048 4203 fertur
1068 4141 1217 4219 habuisse,
1231 4140 1316 4224 quod
