3125 4917
533 402 853 479 rutartrtouss.
1188 410 1243 471 XV

145 586 202 625 nou
225 564 366 630 illustret.
409 564 440 623 Si
462 583 553 645 quem
568 565 684 623 rituum
697 560 971 624 ecelesiasticorum
994 556 1129 621 studium
1148 566 1242 646 capit,

144 678 303 747 cognoseat
324 665 414 739 ltine,
436 662 534 745 qrralis
564 663 652 739 suerit
674 661 818 724 ecelesiae
847 664 983 721 Graecae
1014 662 1105 721 lireies
1125 661 1244 724 decimo

145 777 210 846 post
232 766 273 826 N.
298 766 334 824 C.
358 762 498 841 saeculo,
527 784 605 845 quae
627 760 824 844 legendorum
857 760 1107 821 Patriarelranrm
1138 763 1242 841 ratio,

143 865 240 946 qualrs
255 886 361 925 corum
383 884 453 924 etun
477 864 539 923 suis
561 862 802 944 lruperatoriltus
822 860 1023 939 cousuetudo,
1046 882 1126 941 quae
1145 862 1242 923 Grae·

143 986 247 1026 carum
276 962 470 1025 ecclesiarum
496 973 596 1044 partes
626 972 657 1021 et
683 972 857 1040 structura,
887 982 967 1044 quae
995 962 1135 1021 instituta
1163 960 1243 1021 eele-

142 1060 252 1124 lrraudi
278 1063 376 1125 divini
397 1060 522 1141 cultus,
553 1063 606 1144 qui
628 1064 693 1123 eius
711 1062 865 1140 ministri,
898 1062 967 1142 quis
997 1059 1074 1120 ortlo
1095 1060 1242 1122 festorum

142 1164 283 1240 dierum,
304 1184 383 1243 quae
403 1182 506 1221 merae
528 1164 755 1241 processiones,
786 1182 881 1242 tutas,
910 1159 1023 1241 quibus
1043 1160 1172 1239 (liebus,
1201 1160 1239 1222 etl

142 1264 228 1324 aedes
251 1265 473 1322 enonasteriave
493 1261 674 1321 celebriora.
734 1261 850 1321 Iterum
871 1268 974 1319 autem
1001 1259 1139 1319 civilium
1167 1280 1241 1320 con·

141 1362 298 1443 templatio
319 1364 342 1421 si
365 1382 456 1443 eptem
482 1363 577 1444 magis
598 1358 744 1437 delcetat,
772 1370 877 1421 vastus
905 1357 951 1419 illi
978 1380 1011 1419 sc
1036 1380 1163 1441 campus
1190 1360 1241 1419 lrie

141 1462 246 1543 pandit
262 1472 398 1545 spectatu
417 1460 527 1542 (lignus
547 1463 662 1544 pariter
682 1470 774 1543 atquc
794 1458 957 1520 iucundus.
1002 1459 1154 1519 creantur
1173 1460 1241 1519 ttu-

142 1563 243 1641 gusti,
271 1558 427 1621 eelelrraut
459 1562 605 1643 nuptias,
635 1570 853 1640 susceptosque
874 1579 980 1619 reeens
1001 1556 1112 1619 liberos
1133 1570 1243 1620 curant

141 1681 225 1721 suerro
260 1660 384 1721 lavaero
413 1663 444 1719 iu
475 1659 600 1721 eeclesia
630 1661 766 1743 expiari3
797 1658 959 1719 conferunt
985 1656 1167 1739 «limitatas,
1202 1660 1242 1718 atl

140 1759 314 1821 suburbana
335 1759 448 1841 perlatio
468 1762 666 1837 rustientum,
695 1758 939 1837 vindemiatum,
967 1760 1042 1819 item
1070 1759 1110 1819 ad
1130 1758 1242 1819 lrorrea

140 1859 272 1939 utibilest,
294 1880 447 1920 annonam
471 1859 625 1920 conditam
648 1871 831 1941 spectatum,
852 1857 1050 1940 procednut3
1077 1859 1241 1939 excipiunt,

140 1958 224 2019 aliter
244 1959 439 2041 quotidianas
468 1980 630 2041 procerum
660 1958 882 2033 salutationes,
909 1956 1000 2017 aliter
1026 1968 1120 2018 statas
1140 1957 1241 2019 solen-

141 2062 261 2137 uiores3
292 2070 437 2139 perorant
458 2061 489 2117 in
519 2058 668 2134 silentiis,
699 2068 838 2139 spectant
864 2058 1040 2118 Circensem
1065 2060 1240 2136 insaniam,

139 2158 266 2217 audiunt
285 2158 453 2217 lactionum
476 2155 709 2217 acclamationes
730 2167 759 2216 et
781 2155 995 2239 flagitationes,
1015 2159 1151 2238 praemia
1166 2156 1241 2216 derit

139 2259 250 2335 aurigis
285 2256 474 2333 victoribus,
504 2254 630 2315 missilia
661 2268 835 2337 spargunt,
874 2256 1056 2339 pyrrlrielras
1086 2267 1117 2316 et
1151 2255 1240 2316 ludos

140 2354 286 2413 limineos
306 2363 461 2433 spectant,
492 2362 586 2429 vota,
614 2354 786 2432 brumalia,
818 2354 934 2415 natales
954 2367 1039 2415 ortus
1059 2358 1240 2436 imperiique.

140 2464 168 2514 et
188 2452 336 2512 eomurlrii
358 2453 405 2511 sui
426 2449 605 2528 eelebrent,
635 2451 755 2513 divinas
785 2452 890 2533 (arulas
920 2453 1082 2532 exhibeat,
1113 2466 1187 2514 cttrrt
1207 2458 1238 2514 in

138 2549 272 2629 bellum,
302 2561 397 2631 :rguut
425 2551 457 2608 iu
487 2552 613 2626 castris,
642 2550 771 2611 redeunt
796 2553 829 2610 iu
858 2550 966 2611 urbem
997 2552 1241 2634 triumphantes,

140 2651 297 2731 rictusque
314 2648 433 2709 calcant
453 2668 559 2727 regum
582 2650 737 2731 eervices3
760 2648 910 2731 stipendia
930 2650 1078 2713 militibus
1099 2663 1238 2736 erogant,

139 2750 294 2809 iustmuut
321 2758 351 2808 et
380 2748 543 2829 expoliunt
571 2748 700 2827 classes,
730 2750 897 2811 admittunt
922 2748 1036 2833 legatos
1066 2766 1239 2815 exterorum

138 2848 336 2928 primitium,
374 2864 444 2905 suos
474 2845 532 2926 ipsi
558 2844 718 2925 ablegant,
753 2867 898 2927 porrrpam
930 2861 960 2909 et
990 2850 1094 2909 lurum
1115 2873 1239 2911 ornnem

138 2966 226 3007 suum
245 2944 422 3026 explicant,
444 2954 575 3025 egestate
595 2946 708 3023 passim
729 2947 967 3025 transmicante,
988 2948 1110 3007 taudem
1125 2950 1239 3010 alreuut

138 3043 175 3103 stl
196 3044 314 3126 plures,
336 3054 367 3103 et
388 3044 417 3101 iu
440 3052 640 3102 monumenta
661 3062 716 3101 sua
738 3042 919 3107 inlinuntur.
961 3047 1160 3109 Per-ambules
1178 3048 1238 3110 line

137 3146 202 3225 ipso
224 3143 304 3203 libro
325 3142 403 3202 duee
423 3140 475 3201 illa
496 3160 602 3199 eorum
622 3138 804 3220 sepulcralia
824 3156 1043 3224 monteacuto,
1077 3159 1107 3206 et
1128 3147 1237 3208 lustres

137 3244 344 3324 cuiuscunque
364 3260 474 3299 trinam
495 3258 565 3300 eum
595 3241 747 3321 inscriptis
775 3242 971 3322 nominibus,
994 3248 1027 3305 iu
1047 3248 1159 3328 quilius
1179 3248 1236 3310 sli-

138 3368 196 3430 qua
219 3360 305 3426 suut,
327 3368 406 3429 quae
428 3348 539 3407 frustra
556 3348 587 3405 in
606 3346 762 3409 Daemon
783 3349 922 3409 Fauriliis
945 3349 1120 3428 Byzantinis
1143 3369 1236 3431 qrtae-

138 3470 196 3511 rus.
239 3449 385 3508 Proeti-es
414 3466 537 3529 quoque
566 3443 624 3505 hoc
654 3446 759 3507 eotlenr
788 3447 865 3508 tluee
892 3451 925 3508 in
947 3450 1013 3529 ipsa
1034 3451 1237 3529 pretiosorum

138 3559 167 3607 et
187 3550 352 3628 insignium
378 3545 533 3608 orientalis
555 3548 673 3626 imperii
695 3547 888 3625 eomlitoria,
911 3569 1058 3631 areasque
1077 3552 1237 3611 vestiarius

137 3658 167 3705 et
198 3645 291 3706 aliam
318 3645 535 3728 supellectilem
563 3650 705 3707 excutias.
750 3646 860 3709 lllelius
880 3648 954 3727 liic,
987 3670 1080 3730 «lirum
1107 3670 1235 3731 usquam

138 3744 238 3824 alibi,
269 3766 430 3827 procerum
459 3757 523 3805 tam
552 3742 782 3827 palatinorum,
812 3768 905 3831 qaam
934 3748 1132 3825 militarium,
1162 3752 1236 3809 item

140 3848 374 3928 magistratuum
401 3844 591 3907 urbanorum
619 3844 810 3929 aliorumque
844 3850 999 3909 minorum
1028 3848 1152 3909 ordines
1186 3847 1235 3907 vi-

140 3944 225 4026 deas,
246 3944 406 4029 longisque
426 3948 458 4007 in
482 3947 651 4028 porticibus
673 3949 855 4010 excubantes
874 3969 1053 4011 numerosos
1072 3952 1235 4029 variosque
1243 3952 1322 4010 cut.
1335 3954 1375 4006 tlt

140 4068 245 4129 greges
285 4050 363 4107 sacri
399 4050 535 4129 eorporis
569 4048 723 4109 custodiae
753 4050 924 4130 ‹leputatos
991 4050 1082 4109 tttttto
1111 4059 1235 4123 cetera,

139 4166 235 4224 qurum
256 4168 275 4206 c
294 4149 432 4228 strpetius
452 4148 540 4209 dictis
562 4148 683 4208 aluuule
703 4161 843 4226 constet,
876 4172 943 4209 earn
964 4171 1028 4210 esse
1054 4169 1156 4209 rertrm
1177 4147 1235 4208 lroe

138 4244 287 4329 irrepere
310 4248 512 4329 expositarum
535 4250 731 4333 varietatem,
763 4249 896 4334 leporem
918 4262 1010 4335 atque
1038 4247 1235 4330 dignitatem,
