3125 4917
358 393 413 454 on
442 389 636 458 emraorr.
665 389 995 456 comessator.
1024 391 1065 453 ιι.
1086 393 1139 462 52
1205 362 1289 475 753

214 551 286 618 ποῖς
305 533 484 627 άκουβίτσις
511 546 564 607 δεῖ
587 539 671 626 ὑμᾶς
698 547 803 614 καλεῖν
827 538 903 616 roric
932 539 991 606 ιλάο
1011 565 1220 627 τοποτηρητας
1237 544 1293 608 καί

213 645 463 726 χαρτουλιιρίους
482 645 544 707 ταῖν
563 645 724 724 νοομίριυν
744 638 800 704 καί
814 643 956 722 τειχέων,
978 638 1181 727 τριβούνους,
1201 646 1293 722 poa-

216 739 327 824 ρίους,
360 739 579 826 λεγαταράιυς,
606 740 824 820 μαυάάτορας,
860 736 1062 820 ξενοδάχους,
1092 739 1293 823 γεροκόμους,

214 837 466 922 χαρτουλαρίους
486 841 548 902 τῶν
568 839 690 919 εάαγαῖν
712 835 814 916 σίκυον,
837 831 1029 923 άρχιατρσάς
1048 839 1104 900 καί
1122 836 1197 912 τοάς
1210 840 1294 900 διατι

196 931 346 1020 5ταρίους
364 939 419 1000 τοῦ
440 936 578 1018 μεγάλου
609 939 767 1000 παλατίου·
797 937 853 998 καί
882 939 937 1018 τῆς
968 938 1116 1021 Δάφνης,
1141 933 1194 1001 τάν
1222 935 1295 1019 άρι-

215 1030 301 1113 θμὸν
320 1031 377 1113 σοί,
408 1032 464 1098 καί
490 1036 622 1115 πένητας
641 1031 693 1115 spi·
733 1030 944 1116 προκιυσεάειν
964 1035 998 1096 di·
1019 1030 1092 1108 τούς
1113 1029 1296 1114 ’ξευοάάχους

216 1132 272 1194 καί
288 1126 474 1216 γεροκίιμσυς
493 1134 743 1214 χαρτσολαρίσυς
770 1130 825 1194 καί
853 1130 981 1214 ἰατροὺς
1008 1129 1068 1194 σάν
1087 1137 1150 1194 τῶν
1172 1133 1295 1194 ιλιαιτα-

216 1232 293 1315 ρίυιν
319 1227 372 1293 ἐπί
397 1233 436 1314 τῇ
467 1227 617 1316 άπισθείιρ
642 1231 731 1293 θέσει
762 1230 820 1292 τοῦ
854 1229 1021 1310 άκυυβίτοο
1048 1233 1103 1294 τοῦ
1128 1233 1294 1310 βασιλέως,

215 1325 289 1402 τούς
307 1331 343 1394 δὲ
363 1321 521 1413 ἄρχοντας
543 1331 606 1392 ταῖν
633 1327 691 1392 ὁάο
713 1327 883 1410 ταγμάτων
902 1329 956 1392 ἐπί
974 1334 1013 1415 τῇ
1032 1327 1109 1392 κατὰ
1131 1326 1295 1413 πρόσωπον

178 1429 304 1490 ιοθίσει
324 1428 381 1490 τοῦ
401 1429 572 1508 βασιλέως·
614 1423 749 1510 εἰσάγειν
779 1428 815 1490 δὲ
846 1420 963 1508 αὐτοὺς
992 1426 1048 1490 καί
1070 1424 1190 1510 ἔξάγτιν
1220 1424 1322 1500 τούςΒ

213 1527 272 1604 μὲν
293 1527 474 1607 ξενοάάχους
494 1524 572 1605 μετά
592 1527 653 1588 τοῖν
688 1523 809 1589 οίκείων
835 1527 1078 1607 σκαραμαγγίων
1104 1527 1159 1589 καί
1190 1523 1300 1608 ῥοιέων

216 1625 354 1704 σαγίων,
386 1621 461 1697 τούς
481 1625 516 1685 δὲ
537 1619 663 1704 ιάτροάς
692 1619 833 1694 ἅπαντας
850 1620 931 1700 μετά
956 1628 1018 1686 τῶν
1038 1627 1158 1686 οἰκεάυν
1178 1623 1298 1704 doteri-

214 1747 292 1802 των,
324 1718 400 1796 τούς
421 1721 457 1784 di
477 1725 538 1784 τῶν
558 1717 725 1802 ταγμάτων
747 1711 921 1800 ἄρχοντας,
956 1717 1029 1794 τοάς
1048 1723 1107 1800 μὲν
1126 1745 1297 1802 τοπστηρη-

216 1823 272 1894 τάς
292 1823 346 1884 καί
366 1817 484 1894 adroic
503 1817 584 1898 μετά
607 1817 712 1902 ῥοιέων
733 1819 868 1899 σαγάαν,
901 1815 977 1892 τούς
1005 1821 1040 1882 δὲ
1073 1816 1199 1893 λσιπούς
1217 1816 1297 1899 μετά

181 1917 460 2004 ιὸσκαραμαγγάσν
480 1914 621 1992 πάντας.
662 1917 715 1980 ἐπί
734 1917 769 1979 δὲ
790 1919 845 1998 τῆς
866 1909 1032 2000 ἑνδεκάτης
1051 1912 1170 2001 ἡμέρας
1190 1919 1300 1998 ἀπείρ-

213 2041 306 2103 γεται
325 2021 385 2098 μὲν
404 2017 424 2102 ἦ
446 2019 508 2082 τῶν
528 2017 702 2096 άκσυβίτων
726 2017 929 2099 ἐπιτελουμένη
949 2017 1074 2098 κλῆσις,
1108 2025 1244 2081 τελεῖται
1265 2017 1301 2078 δὲ

217 2115 253 2183 τά
283 2111 453 2202 κλητιάριον
480 2110 616 2198 ἑσπέρας
643 2114 676 2177 ἐν
707 2114 749 2200 τῷ
777 2117 971 2201 περιβλέπτιρ
992 2114 1051 2177 τοῦ
1076 2111 1301 2179 Ἰοαστινιανοά

219 2217 381 2304 τρικλίνῳ.
422 2222 653 2298 προστοιχεῖται
683 2209 744 2295 γάρ
773 2209 807 2274 τὸ
837 2208 915 2274 αιίτὸ
945 2208 1113 2295 κλητιάριον
1133 2209 1219 2294 παρά
1241 2212 1299 2276 τοῦ

219 2315 374 2396 βασιλέως
394 2311 447 2376 διά
469 2313 527 2375 τοῦ
557 2313 657 2374 αὐτοῦ
688 2306 870 2394 α’ρτικλίνου
899 2313 1036 2392 πρωίας,
1067 2311 1123 2374 καί
1149 2313 1203 2374 δεῖ
1218 2307 1300 2394 ἡμᾶς

179 2415 468 2498 αοπροσκαλεῖσθαι
488 2410 532 2484 είς
553 2409 659 2492 κλῆσιν
679 2409 735 2472 τοῦ
755 2407 854 2471 αὐτοῦ
874 2410 1001 2471 δείπνου
1021 2409 1223 2491 μαγίστρους,
1246 2401 1332 2470 sis-G

138 2517 141 2524 '
219 2509 384 2584 θυπάτοος
405 2511 587 2591 πατρικίους
608 2504 842 2591 ὄφφικιαλίους,
860 2509 1095 2589 πραιποσίτους,
1115 2530 1302 2590 πρωτοσπα-

218 2607 353 2692 θαρίους
373 2600 559 2687 εὐνούχους,
594 2605 830 2689 πριμικηρίους,
863 2598 1061 2689 άστιαρίσυς,
1096 2607 1301 2686 μαγλαβίτας,

219 2705 355 2788 κάμητας
375 2707 432 2767 τοῦ
452 2699 595 2786 α’ριθμοῦ
616 2706 671 2766 καί
690 2702 899 2783 κεντάρχους,
930 2700 986 2766 τὸν
1006 2696 1146 2786 άριθμόν
1165 2702 1242 2765 κατά
1262 2698 1296 2766 τά

219 2799 318 2866 ποσὸν
336 2803 391 2884 τῆς
411 2801 574 2883 τραπέζης,
595 2797 650 2859 καί
664 2796 744 2876 μετά
764 2797 820 2880 την
839 2797 932 2860 θείαν
951 2799 1006 2880 τῆς
1026 2793 1161 2880 ἑσπέρας
1175 2822 1300 2876 μυστα-

219 2986 284 3044 ιὶυι,
303 2989 358 3034 tana
376 2999 651 3055 numerorum,quam
671 2990 831 3043 castrorum,
851 2981 987 3044 tribunos,
1005 2983 1129 3043 vicarios,
1147 2981 1312 3050 legatorias

219 3053 400 3116 mandatores,
416 3051 598 3114 xenodochos,
615 3069 778 3122 gerocomos,
797 3049 989 3102 chartularium
1008 3051 1204 3103 venerabilium
1225 3051 1304 3102 nedi-

222 3142 278 3186 urn,
301 3124 450 3175 archiatros
466 3131 494 3174 et
511 3123 659 3174 diaetarios
675 3123 763 3190 magni
783 3122 896 3188 palatii,
925 3124 990 3172 item
1007 3130 1035 3171 et
1053 3123 1150 3190 palatii
1167 3122 1305 3190 Daphnes,

223 3195 253 3245 in
271 3195 425 3246 universum
446 3195 514 3261 aod,
539 3209 591 3243 una
613 3210 647 3244 ue
666 3205 798 3262 pauperes
820 3209 858 3243 ra.
895 3191 1072 3243 xenodochos
1092 3200 1175 3260 atque
1192 3209 1305 3260 geroco-

221 3281 280 3316 nsos
300 3273 329 3318 et
347 3264 411 3316 inde
430 3265 549 3332 reliquos
567 3212 718 3324 inderiorcs,
737 3270 767 3311 ut
785 3261 997 3318 chartularium,
1016 3260 1133 3311 medicos
1153 3268 1182 3311 et
1197 3261 1305 3312 diaeta-

224 3336 296 3395 rior,
317 3340 427 3402 oportet
444 3331 591 3401 procedere
611 3329 676 3402 [tam
695 3331 836 3392 intrando,
863 3347 941 3398 quam
957 3327 1092 3400 exeundo]
1113 3346 1183 3396 porse
1202 3347 1305 3382 sacram

225 3419 354 3464 mensam,
373 3403 544 3471 magistratus
563 3418 625 3454 vero
642 3402 782 3460 amborum
798 3398 924 3450 ordinum
945 3397 1010 3470 [tam
1024 3416 1207 3462 numerorum,
1223 3418 1305 3470 qoam

224 3473 380 3546 castrorum]
406 3489 421 3522 ιι
446 3481 523 3541 parte
546 3471 656 3523 Domini
687 3471 773 3520 vultui
798 3470 930 3538 opposita.
978 3468 1136 3521 xenodochi
1161 3489 1221 3522 eum
1249 3473 1305 3525 suis

225 3544 412 3612 scaramangiis
446 3543 571 3613 regisque
602 3541 682 3593 russis
708 3538 935 3605 introducuntor3
968 3538 1068 3591 medici
1094 3549 1185 3591 autem
1211 3557 1305 3593 ornnes

225 3612 255 3664 in
279 3615 335 3666 sois
362 3613 500 3666 dibenstis
528 3629 575 3664 seu
592 3609 711 3663 vestibus
738 3611 829 3661 colore
848 3618 946 3661 veneto
964 3611 1065 3661 tinctis.
1100 3610 1141 3660 De
1159 3619 1306 3680 sagmatum

225 3683 425 3752 magistratibus
460 3682 669 3736 introducuntur
708 3679 787 3730 ambo
823 3678 934 3750 quidem
967 3687 1135 3748 topoteretao
1173 3681 1200 3732 irr
1232 3681 1302 3798 sapis

225 3770 336 3824 quoque
365 3753 462 3816 russis,
493 3753 576 3805 ceteri
603 3767 695 3803 omnes
730 3758 822 3800 autern
844 3752 873 3800 in
898 3750 1092 3814 scaramangiis.
1138 3749 1190 3801 Die
1214 3767 1303 3801 unre-

226 3821 296 3874 cimo
337 3840 392 3875 non
426 3823 543 3890 amplios
573 3820 725 3875 celebratur
753 3821 907 3870 coavivium
930 3819 960 3869 ia
983 3820 1049 3869 XIX.
1072 3818 1219 3880 accubitis,
1255 3819 1304 3869 sed

229 3907 359 3961 vesperae
385 3891 539 3946 celebratur
563 3892 592 3943 ia
627 3890 726 3943 iitrrrtri
760 3889 906 3940 Iustiniani
942 3889 1081 3947 triclinio,
1121 3890 1195 3958 quod
1223 3905 1303 3942 marre

228 3961 263 4013 ab
298 3964 463 4030 Imperatore
498 3979 561 4014 eum
591 3962 620 4012 in
650 3961 730 4010 [inem
763 3969 937 4028 praeparatur
971 3973 1020 4027 per
1052 3959 1111 4010 eius
1138 3960 1302 4010 artieiinrsnr.

227 4031 268 4083 Ad
285 4032 364 4082 istius
391 4048 492 4084 coenae
513 4031 730 4083 communionem
752 4037 863 4097 oportet
878 4047 926 4082 nos
950 4045 1045 4080 vocare
1069 4029 1224 4096 magistros,
1241 4047 1305 4098 pro-

229 4102 353 4154 consules
389 4103 517 4169 patricios
550 4102 696 4162 officiales,
730 4102 914 4168 praepositos.
944 4099 1175 4167 protosprttrarios
1215 4115 1305 4150 cunu-

230 4172 308 4234 chos,
325 4170 510 4240 primicerios,
528 4171 670 4233 ostiarios,
694 4170 869 4236 rnagtabitas,
896 4170 1009 4220 comiter
1026 4169 1135 4220 arithmi
1153 4177 1182 4220 et
1198 4179 1305 4221 centar-

230 4241 310 4304 ehos,
338 4241 367 4292 in
386 4243 615 4302 universorum,
646 4247 715 4312 quot
731 4256 824 4291 mensa
842 4239 922 4308 capit
958 4238 1161 4305 celebratoque
1179 4253 1305 4308 vesperae

265 4345 463 4399 Constantinus
479 4341 610 4414 Porphyr.
639 4344 695 4396 rot
715 4343 736 4393 1.
1074 4341 1110 4407 48
