3125 4917
304 390 387 492 504
508 413 703 483 manuum
730 417 786 481 an
820 416 972 482 ιιιιιιιιιι
1002 418 1160 481 auruum

299 569 523 650 antinoensis
550 567 613 633 «tui
644 573 794 645 Κιλικίας
821 572 886 633 κατ’
919 572 1020 632 αύτοῦ
1046 566 1375 653 στρατοπεδευσάντων

294 657 495 751 Ἀγαρηνῶν,
531 666 651 749 ὖγένετο
670 666 691 749 ἡ
712 666 792 751 πρὸς
819 665 877 749 τὴν
896 664 1126 747 βασιλεύουσαν
1146 664 1235 731 πόλιν
1254 664 1375 743 εἴσοδος

300 765 404 828 aerae
422 762 561 847 τοιαύτη.
603 766 783 850 φθάσαντος
805 769 908 829 αὐτοῦ
927 768 961 830 ἐν
979 769 1018 849 τῇ
1044 764 1178 855 Ἶερειζι,
1207 765 1374 850 ἔξῆλθενῆ

299 858 459 945 αύγούστα
488 861 551 925 άπδ
580 866 634 946 τῆς
654 864 773 940 πόλεως
803 862 894 928 καδδ
917 866 1032 927 διέπων
1058 861 1119 928 σύν
1145 869 1188 950 ng]
1213 867 1374 950 μαγίστρῳ

297 962 356 1023 stas*
371 965 415 1049 τῷ
435 957 564 1049 ἐπάρχῳ
584 966 639 1045 τῆς
657 962 786 1043 πόλεως,
808 962 863 1026 καί
886 965 906 1045 ἡ
927 964 963 1026 ἐν
982 966 1020 1048 τῇ
1039 959 1128 1026 πόλει
1149 960 1318 1045 σύγκλητος
1336 960 1391 1037 ά·5

295 1081 394 1136 neue,
415 1058 628 1142 παρεάσανιες
651 1057 726 1136 τούς
752 1064 816 1125 ταῖν
835 1061 999 1142 ταγμάτων
1025 1058 1177 1143 ἔξάρχονς
1205 1065 1251 1134 εἰς
1271 1066 1374 1145 φυλα-

269 1153 361 1236 Ιλκην
379 1159 435 1240 τῆς
453 1152 591 1233 πόλεως.
632 1161 687 1223 καί
706 1156 726 1241 ἦ
745 1162 806 1240 μὲν
832 1158 999 1243 σύγκλητος
1019 1156 1198 1242 ὑπήντησαν
1219 1162 1263 1247 τῷ
1282 1165 1375 1240 βασι-

299 1258 355 1316 λεῖ
369 1251 412 1329 eie
432 1253 494 1318 α’πδ
517 1253 723 1342 διαστήματος
742 1260 860 1342 μικρού
888 1254 1027 1341 aspirari
1046 1254 1172 1343 φθάσαι
1194 1258 1238 1331 εἰς
1256 1255 1291 1321 τὸ
1313 1282 1374 1320 πα-

302 1349 417 1435 λάτιον,
437 1352 493 1419 κατ’
505 1354 648 1430 πεσόντες
668 1355 913 1442 προσεκύνησαν·
933 1356 952 1442 ἡ
973 1358 1009 1420 δὲ·
1030 1352 1192 1439 αύγούστα
1212 1354 1300 1421 ἔνδον
1319 1357 1376 1419 τού

300 1456 469 1536 καγκέλλου
485 1457 545 1519 τού
555 1457 816 1539 χαμαιτρικλύνοο
832 1457 940 1519 τοῦτον
956 1451 1127 1539 ὑπήντησεν
1147 1448 1299 1535 ἀποβάντι
1317 1451 1375 1516 τού
1379 1480 1411 1522 ιο

295 1552 404 1631 ἵππον,
435 1553 491 1615 κατ’
507 1549 749 1637 προσκυνήσασα
774 1556 884 1617 τοῦτον
905 1547 1088 1634 η’σπάσατο·
1131 1550 1147 1613 δ
1170 1554 1206 1615 δὲ
1225 1548 1376 1633 βασιλεύς

295 1650 455 1733 διοράιατο
476 1646 519 1724 οὖς
538 1652 592 1713 ε’πδ
610 1654 781 1733 προκένσοο
803 1648 860 1733 τὴν
879 1646 1050 1733 σύγκλητον
1069 1649 1187 1731 διάγειν
1207 1648 1265 1714 σύν
1286 1647 1376 1736 αύτηῖ

295 1748 331 1812 εἰν
349 1750 390 1832 τῇ
404 1746 522 1835 Ἶερεάγ
541 1750 654 1830 μέχρις
674 1749 802 1833 ἦμεριόν
822 1746 914 1829 ἱπτά,
939 1744 1024 1825 ὅπως
1044 1750 1101 1812 καδ
1119 1746 1148 1811 oi
1170 1752 1294 1829 δέσμιοι
1313 1751 1376 1812 τοῖν

295 1838 505 1927 αἰχμαλώτων
536 1839 725 1930 Ἀγαρηνιύν
753 1844 939 1933 φθάσωσιν.
993 1849 1136 1912 ἐκέλευσε
1165 1848 1200 1910 δὲ
1233 1846 1289 1909 κατ’
1317 1844 1376 1919 τάς

292 1949 444 2023 γυναῖκας
473 1944 537 2005 τοῖν
564 1948 773 2027 συγκλητικῶν
801 1942 989 2019 ἐξελθούσας
1019 1946 1076 2027 τῆς
1096 1940 1223 2027 Ιπόλεως
1255 1940 1410 2025 διάγειης

294 2036 356 2102 σύν
374 2041 413 2125 τῇ
433 2040 589 2127 αύγούστη
610 2043 726 2106 ἐκεῖσε.
764 2041 845 2122 μετά
867 2045 903 2106 δὲ
922 2040 979 2124 την
999 2039 1134 2123 ἑβδόμην
1155 2037 1277 2122 ἡμέραν
1297 2040 1375 2101 dno-

293 2136 432 2211 πλεύσας
451 2141 515 2201 τῶν
532 2140 631 2203 ἐκεῖσε
651 2131 746 2220 ἦλθεν
765 2143 810 2211 εἰς
831 2135 885 2200 τδν
905 2134 994 2219 άγιον
1016 2134 1193 2217 Μάμαντα,
1215 2140 1271 2200 καί
1290 2137 1374 2201 ἕποι’-

293 2256 368 2318 ησεν
395 2230 464 2316 ἅμα
491 2239 530 2320 τῇ
557 2238 715 2323 σογκληιιρ
743 2234 863 2319 ἡμέρας
882 2232 920 2318 γ’.
959 2232 1022 2298 α’πδ
1045 2236 1081 2297 δὲ
1100 2238 1162 2299 τιὸν
1182 2238 1281 2299 ἐκεῖσε
1302 2238 1373 2299 δια-

146 2339 195 2399 Ed
205 2328 438 2418 bsprnietieoc
455 2332 598 2419 ἔφθασεν
616 2335 651 2399 ἒν
667 2338 875 2419 βλαχέρναις,
910 2330 966 2397 καί
982 2332 1119 2410 ἐξελθών
1145 2336 1203 2398 τοῦ
1224 2335 1372 2418 δ’ρὸμονος

293 2426 407 2513 ἐπιβάς
425 2434 509 2519 iussas
530 2431 584 2496 διά
602 2436 661 2497 τοῦ
680 2430 740 2509 ἔξω
759 2434 884 2513 τείχους
904 2423 999 2514 ἦλθεν
1028 2432 1073 2505 εἰς
1100 2428 1158 2517 την
1184 2454 1409 2518 apostatae-20

293 2533 427 2596 σθεῖσαν
446 2528 558 2616 κύρτην
578 2533 613 2595 ἐν
631 2534 675 2617 τῷ
695 2530 826 2617 λιβαδιίρ
854 2529 912 2595 τοῦ
937 2532 1214 2613 κομβινοστοοιλιν.
1269 2528 1372 2617 ἔφθα-

292 2767 390 2823 iatiam
414 2772 542 2835 Hierine,
569 2772 683 2824 exibant
705 2770 741 2820 od
762 2772 853 2838 ipsum
873 2786 906 2821 ειι
925 2770 997 2821 Urbe
1016 2766 1136 2839 Augusta
1155 2777 1183 2823 ei
1200 2770 1305 2841 diepon
1322 2788 1370 2826 seu

292 2844 410 2895 vicarios
431 2844 506 2909 regni
529 2858 578 2909 per
599 2839 772 2913 Imperatoris
796 2840 948 2894 absentiam
971 2841 1174 2893 administrator
1198 2850 1227 2892 et
1243 2843 1371 2911 magister

293 2921 324 2962 et
339 2913 492 2980 praeieetus
510 2910 589 2961 Urbis
608 2917 740 2972 otiatus,
760 2910 808 2979 qui
828 2918 887 2963 tum
906 2912 935 2961 ia
962 2913 1034 2963 Urbe
1053 2910 1162 2975 aderat,
1180 2921 1307 2975 senatus,
1327 2930 1370 2965 re-

290 2980 366 3033 lictis
385 2981 458 3032 intus
477 2980 598 3032 exarchis
616 2996 664 3031 seu
682 2978 827 3049 praeis-etia
846 2988 993 3049 tagmatum
1009 2998 1059 3052 pro
1079 2981 1158 3032 Urbis
1176 2982 1312 3033 custodia.
1337 2985 1372 3035 Et

292 3058 402 3102 senatus
421 3049 548 3121 quidem,
566 3058 597 3102 ut
613 3067 709 3119 parum
725 3049 821 3102 aberat
837 3052 987 3119 Imperator
1004 3066 1019 3101 a
1038 3051 1160 3120 palatiu,
1187 3052 1262 3103 isumi
1282 3054 1371 3122 proei-

292 3120 360 3171 dens
379 3120 511 3172 adorabat
528 3136 607 3185 eum3
625 3123 744 3187 Augusta
761 3136 826 3171 sero
845 3121 1003 3172 occurrebat
1019 3121 1083 3190 ipsi,
1102 3129 1132 3171 ut
1149 3120 1230 3172 modo
1249 3138 1283 3174 ex
1298 3138 1370 3193 equo

292 3190 484 3254 descenderat,
501 3191 573 3243 intra
591 3192 739 3241 eaucetium
767 3190 993 3243 chamaetriciiaii
1012 3206 1059 3242 seu
1078 3190 1191 3241 triclinii
1211 3190 1325 3242 humilis
1343 3200 1372 3243 et

290 3260 353 3311 soie
370 3262 501 3329 proximi,
520 3269 549 3310 et
566 3260 680 3313 adorans
698 3261 788 3329 ipsum
804 3278 865 3312 eum
890 3262 982 3312 osculo
1001 3260 1208 3313 beneventabat.
1251 3264 1370 3329 Impera-

289 3334 335 3381 sar
353 3330 418 3382 dein
436 3329 591 3392 mandabat,
609 3339 640 3382 ut
657 3340 765 3381 senatus
782 3347 872 3382 secum
897 3334 925 3381 in
944 3331 1037 3382 Hieria
1055 3346 1103 3381 seu
1123 3330 1232 3381 Hieriae
1250 3332 1369 3400 palatio,

289 3400 368 3451 ‘reiut
384 3402 414 3453 iss
437 3418 563 3470 processu
587 3416 635 3451 seu
651 3401 827 3453 rusticatione
852 3400 1017 3464 suburbana,
1036 3400 1066 3451 iu
1084 3400 1241 3469 eeptiduurn
1263 3410 1369 3469 ageret,

290 3466 380 3520 donee
396 3471 579 3539 Agarenorum
598 3469 672 3522 beiio
691 3479 831 3539 captorum
849 3488 977 3521 numerus
988 3470 1164 3539 compedibus
1182 3470 1303 3537 illigatae
1321 3471 1370 3522 ad-

290 3538 429 3605 venisset3
454 3549 483 3591 et
509 3549 540 3590 ut
562 3549 717 3591 senatorum
741 3556 838 3591 unxores
858 3558 891 3592 ex
913 3541 984 3592 Urbe
1001 3538 1097 3591 eodem
1115 3539 1293 3595 convenirent
1315 3542 1370 3593 Aa·

288 3615 439 3678 gnataeque
458 3608 615 3659 sodalitium
633 3617 809 3677 praestarent.
844 3610 907 3679 Quo
926 3610 1015 3672 faeta,
1043 3610 1158 3678 septimo
1178 3608 1223 3659 die
1261 3618 1306 3661 οεῑ
1322 3628 1369 3663 ex-

289 3676 405 3731 cedebat
422 3678 574 3742 exiiieria,
594 3686 622 3729 et
649 3679 832 3730 transferebat
850 3696 879 3730 se
898 3696 947 3749 per
965 3681 1063 3732 fretun:
1082 3680 1112 3729 in
1129 3680 1225 3731 naria
1265 3682 1291 3733 S.
1310 3680 1369 3731 ida-

288 3748 389 3798 mantis
408 3748 555 3816 palatium,
574 3748 603 3798 in
617 3764 672 3818 quo
692 3748 812 3799 triduum
831 3764 891 3801 cum
911 3758 1007 3801 senatu
1023 3749 1156 3817 exigebat
1192 3746 1258 3799 inde
1278 3764 1369 3800 rursus

290 3817 436 3885 enavigans
460 3817 618 3885 appellebat
639 3816 674 3868 ad
700 3818 873 3885 blachernas;
901 3834 1077 3888 egressusque
1103 3818 1234 3868 dromoue
1261 3819 1368 3869 instea-

290 3884 374 3935 debat
398 3888 428 3937 iu
452 3902 570 3956 equum3
594 3888 622 3938 in
646 3903 701 3959 qua
728 3888 799 3939 intra
817 3905 923 3940 munna
943 3890 1103 3941 exteriorem
1122 3886 1323 3954 provehebatur
1340 3900 1368 3934 e-

291 3956 402 4024 quitans
420 3974 514 4009 versus
531 3973 654 4024 magnam
673 3975 782 4009 auream
801 3967 920 4028 porinum
940 3958 969 4007 in
988 3958 1064 4007 euius
1082 3956 1182 4008 vicinia
1201 3954 1367 4007 ‹lest-endem

290 4042 362 4092 equo
389 4024 509 4077 intrabat
534 4026 563 4078 iu
587 4034 687 4077 cortem
710 4029 764 4080 sibi
790 4034 977 4097 praeparatam
1005 4026 1034 4076 in
1058 4035 1136 4095 prato
1165 4023 1369 4078 combinnstasii

290 4090 348 4165 {eeu
368 4096 492 4147 stationis
513 4098 745 4147 combinationem
765 4098 951 4167 circensiurnl,
975 4096 1060 4147 donec
1077 4098 1176 4166 captivi
1201 4102 1230 4144 et
1247 4094 1366 4161 spoliaa

289 4164 426 4214 militibus
450 4166 681 4231 triumphantibus
700 4168 729 4217 in
749 4167 848 4217 Urbem
876 4164 1030 4217 introducta
1052 4175 1150 4217 essent.
1187 4162 1290 4215 Eodem
1309 4164 1365 4231 ipso

289 4248 388 4301 nempe
407 4232 452 4285 die
470 4234 696 4305 stbryaopoiin
713 4244 858 4295 venerant,
882 4238 930 4305 qui
948 4238 1067 4305 captivos
1086 4234 1238 4295 (iacebant,
1257 4232 1364 4301 irnpusi-

291 4308 387 4375 tosque
410 4304 441 4358 iu
466 4320 548 4362 naves
572 4322 634 4359 eum
657 4307 796 4362 inlocum
822 4308 997 4370 traiecerant,
1017 4308 1044 4359 in
1064 4324 1119 4377 quo
1138 4306 1289 4374 impes-atos
1308 4311 1362 4356 tum
