3125 4917
261 378 331 441 xv!
621 383 676 445 10.
709 378 790 445 mc.
828 380 977 445 ltEtstm

263 544 298 593 ut
311 532 471 595 hominum
492 532 651 595 doctorum
666 536 766 598 studia
787 538 821 597 io
842 558 1073 602 seccoversura
1087 559 1123 604 ea
1141 557 1171 607 et
1185 547 1352 613 exercitum

263 634 332 695 sint.
363 631 430 694 Uni
450 630 593 716 placebit,
618 638 651 695 ni
667 635 769 717 fallor,
784 638 959 700 vestiariam
985 659 1063 719 rem,
1088 641 1141 704 alii
1171 650 1355 728 numeriam,

262 729 314 793 alii
333 732 442 793 domus
463 744 608 815 augustae
621 732 720 796 officia
740 734 813 796 binc
833 734 994 802 illustrare.
1036 740 1185 820 Quamvis
1206 747 1286 809 enim
1305 768 1356 825 αις

262 852 341 915 quae
366 832 476 894 Leonis
497 844 528 894 et
557 834 747 895 Constantini
772 836 870 896 nostri
894 848 1032 921 tempore
1059 843 1093 901 in
1120 863 1179 904 usu
1200 857 1306 926 mant,
1335 868 1355 909 a

261 930 468 1015 superioribus
496 932 661 996 Theodosii
690 944 728 997 et'
749 935 909 997 iustiniani
937 940 1125 1022 temporibus
1152 952 1272 1005 tantum
1299 944 1354 1006 ab·

261 1028 390 1111 ludant,
410 1044 558 1115 quantum
582 1044 685 1097 secuta
705 1033 934 1098 Comnenorum
963 1049 995 1099 et
1022 1039 1274 1125 Palaeologorum
1302 1064 1355 1104 ex-

261 1132 596 1222 tremaqueliynantini
616 1135 701 1217 regni
722 1142 806 1196 aetas
827 1134 868 1197 ab
888 1144 987 1199 aetate
1006 1150 1181 1207 nostrorum
1210 1140 1354 1225 Porphy-

261 1242 497 1313 rogennetorrm
518 1232 649 1311 abludit,
671 1234 754 1319 quod
774 1242 893 1297 constat
913 1236 1065 1299 Codinum
1091 1260 1162 1300 cum
1184 1238 1243 1301 bo‘e
1262 1261 1356 1323 opero

261 1329 447 1411 conimenti3
476 1340 604 1416 possunt
622 1344 725 1395 tamen
746 1332 799 1395 illa
825 1346 946 1397 vetusta
972 1336 1108 1399 florentis
1134 1340 1264 1399 Romani
1294 1322 1354 1401 iln-

260 1431 336 1510 perii
367 1441 504 1515 tempora
535 1444 566 1494 et
592 1433 758 1515 Byzantina
788 1434 956 1516 primordia
981 1457 1016 1497 ex
1046 1436 1105 1499 boc
1136 1457 1229 1520 opere
1257 1438 1355 1501 multo

259 1530 379 1612 magis,
400 1552 493 1614 quiam
513 1531 572 1595 boc
593 1553 671 1615 opus
696 1554 731 1593 ex
755 1533 895 1614 Codino,
916 1532 1073 1596 illustrari.
1115 1535 1217 1598 Erunt
1237 1558 1352 1619 porro,

259 1630 312 1711 qui
336 1650 372 1691 ex
390 1629 531 1693 indiculis
553 1652 718 1715 togarum,
740 1654 794 1695 seu
815 1655 987 1695 annuonrm
1008 1634 1228 1718 stipendiorum
1248 1636 1354 1699 officiis

258 1726 400 1811 palatinis
420 1734 588 1815 ceterisque
608 1733 802 1811 debitorum,
831 1737 905 1794 item
925 1754 961 1793 ex
986 1734 1127 1796 indiculis
1147 1737 1354 1818 impensorum

258 1830 291 1887 in
312 1829 516 1911 expeditiones
536 1830 654 1914 aliquot
676 1833 846 1893 maritimas
865 1843 974 1892 matra
1005 1832 1173 1895 Saracenos
1194 1835 1356 1897 Cretenses

258 1938 424 2011 susceptas,
445 1930 647 1991 aestimabunt
667 1950 738 1992 cum
760 1927 906 1990 militares
925 1933 1045 2012 imperii
1066 1932 1245 2016 Byzantiui,
1265 1934 1357 2016 quale

258 2036 332 2088 tunc
361 2039 445 2109 erat,
477 2040 636 2091 terrestres
663 2028 892 2110 maritimasque
920 2033 1044 2112 copias,
1071 2042 1139 2093 tum
1165 2036 1355 2116 pecuniarias

258 2146 401 2208 queque,
423 2129 622 2209 institutaque
644 2130 870 2209 comparatione
894 2129 1081 2197 Graecorum
1109 2133 1353 2190 centenariorum

258 2236 290 2287 et
303 2226 451 2288 librarum
471 2228 538 2287 auri
562 2247 632 2287 otuu
656 2235 791 2287 nostrate
804 2227 946 2306 pecunia,
967 2227 1133 2304 invenient,
1153 2247 1214 2307 qna
1234 2228 1353 2310 Byzan-

257 2326 393 2389 tinorum
418 2346 525 2408 regum
549 2336 580 2384 et
595 2326 777 2385 nostratium
798 2325 953 2409 opulentia
978 2322 1110 2385 differat.
1153 2326 1256 2387 Erunt
1277 2325 1352 2405 alii,

257 2428 310 2507 qui
330 2424 496 2507 singularia
517 2422 667 2507 quaedam
685 2422 927 2508 disputationum
948 2427 1048 2505 capita
1067 2422 1140 2483 binc
1168 2424 1352 2507 dccci-penu

257 2545 287 2585 e.
309 2546 347 2603 c.,
368 2523 467 2606 qtmlis
485 2523 578 2583 luerit
596 2522 740 2583 ludorum
761 2524 951 2584 Circensium
969 2522 1052 2602 apud
1073 2522 1256 2603 Byzantinos
1277 2544 1352 2584 con-

257 2626 395 2703 stitutio,
418 2643 468 2685 res
488 2622 653 2684 admodum
671 2622 813 2703 obscura3
836 2634 878 2699 ct,
900 2640 979 2702 quac
996 2640 1058 2680 non
1075 2622 1177 2702 minps
1197 2632 1255 2700 est,
1276 2644 1354 2704 qua·-

256 2720 295 2784 lis
315 2722 406 2785 luerit
423 2746 513 2807 pars,
535 2722 585 2783 vel
606 2723 786 2802 comitatus,
819 2720 1028 2803 Augustorum
1049 2721 1207 2803 Byzantii,
1229 2722 1354 2783 unctine

257 2820 371 2884 fiterint
394 2823 439 2884 illi
470 2825 671 2907 imperatores
703 2820 743 2885 ad
771 2822 951 2882 Latinorum
976 2819 1166 2902 exemplum3
1194 2840 1354 2919 quousque

232 2985 234 2990 .
258 2942 358 2994 scrmo
380 2923 507 2985 Latinus
528 2926 562 2985 in
581 2923 652 2985 aula
666 2924 791 2987 CPtana
809 2921 991 2995 obtinuerit,
1014 2932 1045 2980 ct
1066 2918 1309 2980 illaeorattoues
1331 2942 1349 2981 a

258 3042 364 3083 recens
392 3028 573 3105 nuncupatis
602 3025 881 3105 Imperatoribuse
909 3018 1054 3084 tribunali
1084 3021 1206 3081 circove
1224 3018 1264 3079 ad
1289 3022 1350 3079 mi-

258 3118 327 3183 lites
347 3121 463 3203 datae,
484 3143 563 3205 quae
582 3134 705 3184 nostrae
724 3122 866 3185 editionis
887 3144 905 3183 a
928 3144 1000 3205 pag.
1022 3121 1084 3206 239
1103 3116 1173 3180 inde
1194 3116 1352 3201 leguntur,

259 3220 412 3282 fuerintne
431 3222 555 3283 Graecis
583 3222 691 3284 iisdem
721 3223 825 3283 verbis
853 3225 1017 3300 recitatae,
1044 3243 1084 3283 an
1112 3220 1214 3303 potius
1241 3219 1352 3279 Latine

259 3320 400 3402 primitus
419 3321 566 3401 dictatae,
588 3320 697 3383 deinde
717 3342 793 3384 vero
814 3343 832 3382 a
855 3322 949 3382 Petro
970 3322 1117 3403 Magistro
1142 3322 1176 3381 in
1198 3320 1350 3380 Graecum

261 3438 431 3481 sermonem
450 3441 634 3501 conversae;
656 3420 740 3503 quod
760 3421 837 3482 mibi
867 3419 992 3503 quidem
1021 3418 1183 3501 probabile
1207 3419 1251 3478 tit.
1292 3416 1351 3494 Est

261 3539 323 3597 en,
351 3538 445 3600 mam
468 3519 552 3598 dixi,
582 3542 653 3602 pars
680 3523 827 3605 insigviis,
857 3541 985 3603 eamque
1005 3518 1122 3580 dendo
1148 3518 1254 3579 videor
1274 3514 1351 3578 mibi

260 3616 441 3701 pudcitiam
461 3620 561 3701 operis
580 3617 852 3698 desideratissimi,
880 3619 933 3680 sed
964 3618 1080 3679 dudum
1109 3638 1166 3702 pro
1193 3614 1352 3697 deperdito

261 3716 371 3796 babiti,
392 3712 533 3780 edidisse.
575 3718 809 3779 Constantinum
822 3729 962 3779 nosbum
988 3716 1162 3801 colligendis
1178 3725 1209 3776 et
1230 3716 1264 3775 in
1283 3736 1351 3778 cett·

261 3826 310 3877 tos
328 3815 434 3878 titulos
455 3816 626 3900 digerendis
646 3817 728 3879 scitis
754 3829 846 3902 atque
868 3818 1114 3880 memorabilibus
1136 3824 1277 3875 veterum
1303 3812 1352 3876 lo·
1403 3833 1405 3835 ·

262 3917 306 3977 eis
325 3914 501 3997 diligentem
522 3936 647 3999 operam
669 3919 870 4000 impendisse,
891 3939 982 3980 nemo
1002 3917 1108 3977 nescit.
1149 3912 1249 3974 Erant
1276 3910 1352 3975 olim

262 4014 308 4077 illi
333 4012 413 4075 tituli
442 4035 570 4077 numero
603 4019 825 4101 quinquaginta
850 4028 922 4078 tres.
987 4014 1038 4075 Ad
1067 4033 1125 4073 nos
1154 4022 1255 4074 autem
1287 4033 1350 4073 non

162 4142 166 4151 ·
263 4134 449 4197 pervenere,
478 4116 537 4176 nisi
565 4115 672 4179 titulus
704 4118 868 4201 vigesimus
900 4117 1045 4199 septimus
1082 4110 1121 4173 de
1149 4108 1351 4195 legationibus

264 4216 404 4299 integer,
421 4235 515 4299 opera
533 4217 646 4282 ann
666 4208 777 4281 Unsuu
791 4228 823 4280 et
841 4201 973 4279 Divinis
994 4213 1193 4293 nonenim,
1214 4219 1246 4272 et
1268 4207 1350 4271 tituli
