3125 4917
281 370 363 475 δελ
477 402 741 468 eousrnunur
784 406 1140 475 ronnrruoceurn

250 554 425 634 οἷοταιται,
445 554 553 631 καθώς
569 552 635 637 ἔχει
656 556 676 620 ὅ
693 556 802 638 τῦπος,
823 555 960 634 νεύοντες
975 566 1018 648 τῷ
1035 564 1196 653 άκολοῦιλτρ
1209 568 1265 628 τοῦ
1281 564 1343 629 εἶσ-

276 655 393 715 sitista.
435 650 452 714 ὅ
473 656 509 716 di·
529 649 733 739 ῦρουγγάριος
752 658 927 740 εἰσέρχεται
948 664 1055 743 φορῶν
1071 658 1105 727 τά
1128 659 1245 726 ἑαυτοῦ
1264 686 1345 725 σπα-

275 752 357 829 atta,
378 748 433 814 καὶ
449 753 489 835 τῇ
508 752 593 839 δεξιᾷ
611 754 698 835 χειρὶ
717 756 841 837 κρατῶν
860 752 941 834 τάμε
960 757 1134 839 μαγλάβιον
1154 762 1208 823 καί
1225 755 1260 822 τά
1281 762 1346 837 τζι-

276 845 400 935 κοῦριον
419 838 614 930 ἐπικείμενον
635 853 678 937 τῷ
698 852 789 939 δεξιῷ
808 851 906 915 αῦτοῦ
925 846 1010 940 αῦμιγ.
1049 852 1137 939 ἦνέκα
1159 860 1192 919 δὲ
1214 855 1292 944 ἔλθῃ
1312 859 1347 920 έν

130 948 323 1034 Ηαηαλντιβ
342 945 465 1036 μεγάλῳ
483 947 625 1036 τρικλινιρ
644 950 702 1013 τοῦ
723 948 959 1033 Ἰουστινιανοῦ,
980 962 1148 1036 προσκυνεῖ
1159 956 1204 1030 εἰς
1221 958 1255 1019 ἓν
1276 956 1366 1030 ine-5

277 1068 352 1109 στον
370 1046 432 1108 τάν
457 1041 602 1128 μεγάλων
627 1044 794 1133 άμφαλέων
812 1043 871 1117 ,τάν
901 1072 933 1113 τε
960 1052 1017 1131 τῆς
1048 1048 1265 1125 καταστάσεως
1294 1056 1350 1116 καί

278 1140 352 1217 τοῦς
371 1144 606 1229 σιλεντιαρέους,
627 1148 682 1210 καί
700 1147 825 1211 ἵσταται
847 1140 912 1211 άνω
933 1146 1118 1230 ἀποβλέπων
1138 1148 1217 1235 πρὸς
1235 1148 1270 1213 τὸ
1293 1152 1350 1212 δυ-

277 1238 364 1306 τικὸν
381 1244 494 1324 μέρος,
515 1235 611 1324 ἤγουν
627 1239 707 1327 πρὸς
727 1242 767 1307 τά
788 1239 907 1326 σκῦλα,
928 1248 983 1309 κατ’
1001 1246 1177 1331 παραυτίκα
1198 1244 1350 1329 λαμβάνει

277 1342 378 1421 νεῦμα
399 1337 417 1403 d
439 1338 612 1415 α’κόλονθος
639 1344 693 1406 καὶ
720 1345 802 1425 λέγει
832 1352 897 1420 τοῖς
925 1347 1112 1427 μαγέστροις
1131 1344 1348 1425 ,,κελεῦοατε·”

280 1435 310 1501 οἱ
326 1435 495 1521 μάγιστροι
515 1442 572 1503 κατ’
588 1444 763 1525 πατράαοι,
795 1445 1039 1527 προσκυνοῦντες
1065 1440 1119 1507 τόν
1146 1467 1178 1508 τε
1200 1439 1389 1526 δ’ροογγά-ιο

248 1546 348 1621 Βριον
376 1538 432 1598 καί
459 1532 513 1599 τὸν
538 1538 592 1619 τῆς
616 1536 835 1614 καταστάσεως
862 1534 930 1620 άμα
960 1543 1024 1603 τιῦν
1054 1543 1269 1623 οιλενιιαρέων
1298 1542 1354 1603 καὶ

280 1636 460 1712 καθέζονται
479 1634 524 1710 εἰς
542 1633 582 1701 τά
602 1636 745 1717 σκάμνα.
785 1635 840 1701 καί
857 1636 959 1703 πάλιν·
983 1638 1136 1719 λαμβάνει
1156 1642 1255 1719 νεῦμα
1277 1634 1295 1700 ὃ
1316 1640 1354 1701 α’-

280 1729 428 1807 κόλουθος
447 1730 534 1819 παρά
555 1736 613 1797 τοῦ
631 1738 688 1818 τῆς
714 1732 952 1817 καταστάσεως,
984 1739 1038 1799 καί
1056 1738 1136 1818 λέγει
1156 1735 1354 1817 ‚periodeuta

280 1828 478 1913 σεκρετικοι’.”
505 1829 562 1895 κατ’
579 1834 772 1916 εἰσέρχονται
792 1830 822 1897 οἱ
840 1833 1067 1918 χαρτουλάριοι
1084 1836 1142 1897 τοῦ
1158 1836 1283 1917 γενικοῦ
1301 1833 1356 1895 καέ

279 1931 336 1992 τοῦ
373 1932 598 2014 στρατιωτικοῦ
642 1933 698 1995 καί
734 1927 764 1994 oi
800 1930 1017 2017 α’ντιγραιμεῖς,
1057 1933 1223 2019 φοροῦντες
1261 1930 1392 2010 σαγέαις

280 2020 377 2110 ῥοῆς,
408 2029 653 2110 προσκυνοῦντες
676 2030 731 2092 καί
757 2028 850 2093 edroi
875 2027 960 2092 κάτω
987 2031 1022 2093 έν
1051 2030 1093 2114 τῷ
1112 2029 1277 2117 ’τυμπαγέιρ
1297 2028 1355 2089 τοῦ

276 2115 516 2201 Ἰουστινιανοῦ,
538 2122 593 2186 καί
610 2124 795 2200 καθέζονται
817 2128 872 2187 καί
891 2127 985 2187 edroi
1005 2126 1049 2197 εἰς
1068 2123 1108 2187 τά
1131 2122 1266 2203 σκάμνα.
1301 2120 1362 2187 xes*

281 2219 375 2285 πάλιν
394 2218 549 2301 λαμβάνει
567 2222 670 2301 νεῦμα
690 2215 707 2283 ὃ
736 2221 908 2297 α’κόλονθος
935 2218 1022 2307 παρά
1052 2223 1109 2286 τοῦ
1129 2220 1183 2307 τῆς
1202 2220 1358 2286 καταστά·

283 2341 382 2397 οεως,
402 2320 459 2381 καί
476 2322 697 2402 προσκαλεῖται
716 2317 792 2394 τοῦς
813 2315 840 2381 d'
862 2322 924 2385 ταῖν
946 2318 1115 2402 ταγμάτων
1135 2318 1356 2405 τοποτηρητάς,

282 2416 543 2495 χαρτουλαρέονς,
565 2411 702 2496 κάμιγτας
721 2418 785 2480 τοῦν
804 2420 953 2499 σχολοῦν,
975 2415 1148 2501 σκριβιονάς
1166 2418 1275 2491 τειιαέ
1295 2424 1397 2493 ior-20

285 2506 366 2585 ποῦς
390 2506 545 2591 μεγάλους
572 2502 743 2593 ἄρχοντας,
776 2512 831 2573 καί
856 2518 918 2575 τιῦν
941 2521 1104 2595 νουμέρων
1137 2520 1192 2579 xes*
1218 2506 1360 2595 τειχέων.

287 2607 350 2695 χρὴ
370 2609 407 2673 δὲ
426 2606 553 2690 εἰδέναι,
574 2601 633 2688 ὅτι,
653 2608 716 2672 τοῦν
738 2603 765 2672 d'
785 2607 947 2692 ταγμάτων
967 2611 1002 2673 ἐν
1021 2613 1061 2695 τῇ
1081 2608 1166 2673 πόλει
1186 2609 1230 2695 μέ
1252 2602 1362 2684 ὄντων,

291 2886 387 2939 tianius
402 2892 474 2938 stant
491 2887 551 2940 loeo
569 2895 598 2940 ct
613 2904 687 2940 more
704 2896 852 2951 consueto,
875 2898 942 2942 nutu
961 2890 1057 2958 capitis
1074 2888 1256 2959 significantes
1272 2888 1365 2941 seelu-

292 2955 355 3015 tho,
385 2963 415 3007 ut
432 2957 606 3026 ingrediatur.
641 2960 711 3010 'sum
733 2960 817 3009 intrat
833 2960 986 3017 acoluthus,
1018 2977 1111 3025 gerens
1135 2976 1211 3011 suam
1240 2958 1366 3028 spatham

293 3034 323 3077 ct
339 3025 434 3078 dextra
451 3044 531 3078 mauu
553 3036 647 3080 teneus
675 3027 838 3097 magiabiutn
872 3044 916 3078 seu
947 3029 1047 3077 cinnam
1081 3036 1109 3077 et
1135 3029 1250 3079 securim
1285 3046 1365 3097 super

294 3094 388 3147 dextro
414 3094 525 3149 hausere
549 3100 700 3166 repositam.
737 3098 788 3148 t'ti
813 3105 903 3148 erstem
925 3097 952 3145 in
971 3112 1094 3163 inagnum
1115 3096 1260 3145 iustiniani
1279 3098 1367 3148 tricti-

293 3166 370 3225 uium
389 3168 527 3233 pervenit,
546 3166 654 3231 adorat,
673 3168 781 3238 quoties
799 3168 902 3236 singula
919 3182 1072 3233 magnorum
1097 3164 1294 3232 otuphsliorsun
1319 3182 1367 3215 seu

295 3233 484 3287 uruldiicorurn
502 3236 509 3306 Ι
525 3235 613 3289 ἰὼετι
643 3252 849 3289 marmorearum
878 3237 906 3287 in
925 3236 1076 3303 pauimento
1106 3232 1238 3303 rotarum}
1267 3232 1368 3297 calcat,

295 3306 514 3358 cerimoniasium
535 3308 769 3369 ct-silentiarios,
794 3306 971 3377 consistitque
994 3305 1023 3355 in
1047 3303 1183 3372 stspcriorc
1200 3310 1295 3373 parte,
1320 3302 1369 3353 de·

295 3391 308 3425 s
328 3374 413 3424 icicus
430 3372 465 3424 ad
482 3375 667 3438 occidentem,
698 3375 726 3427 id
746 3384 788 3427 cst
805 3375 839 3427 ad
857 3376 943 3441 scyta3
970 3383 999 3427 et
1017 3377 1138 3443 protinus
1157 3374 1258 3441 accipit
1275 3372 1369 3424 acolu-

296 3391 359 3493 tdus
381 3452 450 3494 nutu
475 3445 715 3512 significationem,
733 3454 762 3497 ct
779 3447 937 3513 pronuntiat
955 3461 1015 3510 erga
1034 3445 1187 3513 magistros:
1209 3443 1369 3499 Cetturae.

297 3510 336 3583 [id
355 3512 498 3567 estvslitis
515 3511 567 3565 λιιισ
584 3517 682 3567 venire
702 3533 758 3575 uos,
769 3516 895 3583 magistri
904 3527 929 3566 ιε
940 3514 1062 3583 patricii.
1082 3514 1120 3564 Eo
1136 3512 1241 3577 autlito,
1259 3508 1370 3581 intrant}

295 3582 418 3649 magistri
436 3590 464 3633 et
479 3583 607 3650 patricii,
623 3581 765 3634 adorantes
784 3582 972 3650 drungariuui,
990 3582 1207 3633 cerirnoninriutn
1233 3590 1262 3632 et
1289 3582 1372 3631 silen-

297 3652 406 3713 tiarios,
424 3651 604 3736 desidemque
622 3654 677 3704 suis
697 3653 724 3701 in
742 3653 864 3703 scamnis.
900 3652 998 3702 Rtrrsus
1013 3651 1143 3719 deinceps
1162 3652 1261 3720 accipit
1279 3640 1372 3700 accid-

298 3718 361 3770 thus
379 3730 448 3774 nutu
466 3722 609 3791 inspersum
626 3738 643 3773 a
667 3719 871 3782 cerimoninrio,
890 3727 918 3771 ct
931 3720 1040 3771 elamat:
1061 3721 1220 3783 Οιλιαιαιι,
1235 3720 1372 3773 semelei-

297 3786 375 3838 'l'unc
390 3790 580 3859 ingrediuntur
595 3790 750 3844 chartularii
768 3790 856 3857 goniei
875 3804 921 3840 seu
938 3792 1073 3841 rationum
1090 3790 1237 3849 fiscalium,
1255 3796 1284 3839 et
1297 3787 1375 3840 char·

297 3856 539 3929 tulariistratiotiei
553 3877 600 3912 seu
616 3863 656 3912 rei
669 3861 808 3921 militaris,
822 3864 850 3909 et
865 3857 1034 3927 antigraphei
1050 3876 1098 3910 seu
1121 3856 1240 3927 magistri
1257 3858 1373 3909 scrinio·

297 3941 371 3987 turn,
389 3927 479 3981 induti
501 3931 570 3999 sagis
587 3930 679 3993 russis,
698 3929 837 3982 adorantes
852 3926 920 3978 ethi
934 3928 1048 3980 inferius
1063 3930 1092 3981 in
1111 3936 1253 3995 tympaneo
1266 3926 1319 3993 [id
1334 3934 1376 3980 est

297 3996 458 4047 iactatione
485 4006 671 4068 tympanorum
692 4002 722 4051 in
740 3998 874 4064 triclinio]
889 3997 1050 4061 iustiniani,
1075 3997 1255 4063 desidentque
1271 4002 1331 4048 tuni
1346 3998 1375 4049 in

298 4065 419 4117 scsruuis.
456 4067 554 4117 {tunsus
576 4066 642 4119 dein
662 4069 764 4137 accipit
784 4064 926 4120 acoluthus
951 4066 1080 4120 iudicium
1095 4082 1109 4116 a
1127 4064 1329 4127 cerimoniario,
1348 4076 1377 4119 et

298 4134 409 4187 advocat
422 4141 588 4202 topotcrctas
600 4144 715 4206 quatuor
732 4136 846 4189 totidem
864 4145 1007 4205 tagmatuna
1027 4139 1087 4204 [scu
1104 4134 1287 4203 cohortium,
1301 4135 1377 4188 ehar-

298 4204 428 4266 tularios‚
447 4204 557 4256 comites
572 4204 739 4269 scholarum,
751 4204 889 4259 scribones
915 4216 1073 4277 ceterosque
1095 4218 1219 4273 proceres
1241 4205 1376 4274 palatinos

299 4282 329 4325 et
343 4290 516 4328 numerorum
530 4282 559 4327 et
569 4282 715 4331 castrorum
728 4282 851 4331 rectores.
888 4274 1005 4346 Quando
1023 4283 1113 4329 autern
1131 4280 1246 4345 quatuor
1263 4283 1377 4344 tremata
