3125 4917
107 936 230 991 mitt
305 936 334 999 Ε
368 936 605 1001 deltlcli
641 936 1004 1003 etattoattuca
1034 939 1265 1035 'GRAECd

233 1374 389 1413 tactam!
413 1376 430 1409 2
451 1374 566 1415 leell
589 1377 762 1419 ΙΙΒΗΟΤΒΙΕΑ
778 1377 879 1415 uwel
900 1377 925 1415 T·
938 1376 976 1414 Vl·
987 1363 1078 1416 2021·
1096 1377 1154 1423 109-
1175 1377 1208 1413 D!
1229 1379 1326 1415 mille}

279 1462 461 1499 ’mulssim
477 1462 702 1503 consumunt
718 1464 923 1511 (ΞΙΜΙΟΙΙΔΒΙΙ,
940 1463 1062 1502 AUCTOR}
1078 1464 1156 1500 0011-
1175 1465 1284 1505 nebu.

513 1550 718 1602 ΠΠΙΙΙΔΕΙΙΟ,
742 1553 800 1591 GU!
820 1552 896 1591 ΙΟΤΙΙ
908 1552 1036 1589 uuicti·

233 1678 357 1783 Culex
387 1715 485 1777 sonna
512 1728 557 1780 est
577 1720 705 1796 maiori,
737 1739 831 1803 wana
852 1719 884 1778 in
906 1718 996 1779 Folio
1017 1738 1128 1778 vocare
1149 1718 1270 1799 solent,
1291 1725 1324 1783 in

230 1799 420 1861 membranas
440 1822 635 1882 pergamenas
655 1823 765 1883 easque
785 1802 953 1876 firmiores,
984 1799 1132 1861 laetiores
1160 1811 1252 1881 atque
1273 1810 1324 1865 ni·

228 1883 373 1962 tidiorcs,
394 1902 486 1964 quam
506 1884 618 1965 quibus
637 1886 819 1965 postremis,
840 1894 912 1943 ante
932 1881 1169 1966 Typographiae
1189 1886 1324 1947 inventi-

228 1984 342 2043 onem,
369 1966 557 2046 temporibus
577 1966 765 2044 utebantur,
796 1977 947 2026 exaratus.
991 1968 1176 2048 Quanquam
1198 1966 1237 2027 dc
1258 1973 1324 2030 eins

227 2058 325 2108 actntc
345 2059 429 2108 certo
448 2048 574 2109 delinire
593 2071 655 2109 non
676 2052 796 2126 ausim,
817 2048 905 2109 illnm
918 2059 1020 2109 tamen
1035 2046 1125 2131 longe
1140 2060 1211 2109 ante
1227 2052 1323 2113 Urbis

226 2132 477 2211 expugnationem
499 2135 530 2191 in
553 2134 618 2212 ipsa
640 2133 767 2193 Graecia
789 2134 937 2212 scriptum
957 2153 1043 2209 esse,
1065 2134 1212 2199 existimo.
1237 2133 1322 2195 Sam·

225 2233 275 2271 ma
297 2216 377 2272 cuim
392 2232 465 2271 cura
480 2224 572 2294 atquc
593 2214 769 2274 dexteritate
789 2214 965 2288 consectus,
986 2224 1022 2271 ut
1041 2212 1229 2294 sphalmata,
1250 2220 1321 2296 qni-

224 2294 283 2355 bus
296 2296 478 2355 recentiores
493 2316 528 2354 ex
542 2294 711 2355 scribarum
726 2296 893 2376 ignorantia
906 2305 998 2374 atque
1017 2298 1176 2355 oscitantia
1190 2305 1318 2376 sentent,

224 2376 274 2437 vel
295 2377 380 2438 nulla
400 2376 449 2438 vel
474 2380 580 2461 exigua
607 2378 759 2439 rarissime
784 2386 954 2436 occurrant.
996 2376 1038 2435 Et
1072 2375 1142 2437 licet
1169 2373 1317 2460 elegantia

223 2462 390 2541 scripturae
410 2472 496 2522 tanta
515 2470 682 2543 appareat,
698 2480 733 2521 ac
750 2462 776 2519 si
798 2461 949 2540 integrum
970 2458 1114 2519 volumen
1135 2479 1198 2519 non
1218 2462 1318 2524 solnm

223 2542 330 2603 eadem
358 2564 473 2619 manu,
502 2544 555 2605 scd
582 2543 688 2604 codem
718 2542 835 2603 calamo
863 2542 1029 2622 eademque
1057 2542 1107 2602 die
1132 2542 1318 2627 descriptum

224 2634 321 2703 esset3
350 2624 533 2685 Litterarum
563 2636 665 2687 tamen
697 2625 854 2686 character
884 2625 1037 2705 antiquior
1059 2636 1105 2684 cst
1125 2636 1155 2685 et
1175 2648 1193 2687 a
1213 2640 1318 2691 nostru

222 2705 354 2767 multum
374 2705 496 2783 differt,
533 2720 625 2789 atque
645 2708 713 2767 idco
736 2706 895 2767 lectionem
916 2709 1004 2766 initio
1025 2704 1225 2771 difficiliorem
1246 2712 1317 2773 red-

222 2788 285 2869 dit,
304 2810 383 2871 quac
398 2788 558 2851 difficultas
578 2800 706 2869 angetur
726 2812 780 2872 per
800 2788 891 2871 siglas
911 2788 961 2849 vel
982 2788 1151 2851 litterarum
1171 2814 1317 2876 compen·

223 2870 290 2950 dia,
311 2883 342 2933 et
362 2872 444 2953 qnod
465 2893 555 2933 voces
575 2874 676 2933 minus
697 2871 857 2932 distinctae
876 2870 962 2933 nullo
981 2872 1163 2955 plerumque
1178 2877 1314 2937 intersti-

223 2955 267 3014 tio
281 2955 339 3017 sibi
354 2956 544 3019 cohaereant.
584 2955 676 3033 Quod
691 2956 832 3037 equidem
855 2968 959 3017 notam
980 2976 1042 3013 non
1062 2958 1314 3017 contemnendam

223 3039 411 3119 antiquitatis
440 3038 505 3099 CL.
534 3036 699 3099 Salmasius
712 3040 734 3113 ¹)
764 3039 882 3096 asserit.
925 3036 1077 3095 docentus
1098 3036 1206 3096 adiecti
1230 3038 1312 3098 illam

221 3136 279 3178 nec
293 3120 406 3179 tollunt
421 3142 476 3180 nec
491 3122 644 3193 minuunt,
658 3138 728 3177 cnm
738 3116 778 3176 ah
795 3116 999 3197 Aristophane
1014 3115 1148 3177 iarndum
1164 3120 1279 3180 inventi
1288 3124 1313 3200 ²)

223 3212 254 3259 et
274 3203 305 3259 in
324 3202 533 3260 vetustissimis
553 3212 644 3280 atquc
665 3200 927 3279 praestantissimis
945 3196 1101 3259 codicibus
1115 3220 1205 3283 saepe
1224 3225 1315 3285 trepe-

223 3283 348 3345 riantnr.
388 3284 521 3343 Extema
541 3280 610 3341 lihri
630 3280 740 3357 iacies,
769 3281 964 3342 involuerum
992 3283 1137 3343 nimirum
1166 3305 1202 3344 cx
1228 3290 1313 3348 corio

222 3364 338 3426 bubulo
350 3365 482 3425 ancieo
496 3376 636 3425 constans
656 3384 792 3445 auroque
806 3364 972 3425 olnlnctnm
987 3377 1078 3446 attpuc
1092 3366 1210 3449 Regum
1224 3368 1311 3429 linn-

222 3451 324 3527 gariae
345 3449 493 3530 insignia,
513 3468 591 3529 qnae
612 3449 644 3507 in
664 3458 795 3528 utraque
809 3460 895 3529 parte
910 3459 1077 3529 apparent,
1099 3452 1171 3509 satis
1191 3451 1311 3510 demon·

221 3539 338 3607 strant,
358 3552 420 3592 rron
449 3530 590 3598 ultimum
619 3533 698 3592 inter
718 3530 932 3591 celeberrimae
952 3542 1043 3631 atque
1064 3534 1310 3593 instructissimae

220 3608 391 3689 lindensis,
415 3614 474 3673 hcu
494 3606 664 3695 qnondam!
687 3613 889 3675 bibliothecae
909 3616 1056 3693 κειμηλια
1078 3611 1178 3673 locum
1191 3614 1309 3674 obtinn-

221 3692 287 3754 isse.
328 3695 376 3753 De
396 3716 458 3774 quo
479 3698 556 3757 infra
577 3696 728 3777 pluribus.
771 3697 832 3757 Sed
851 3709 887 3760 ut
913 3697 952 3757 ad
977 3698 1120 3757 interiora
1147 3693 1307 3771 necatam,

220 3776 337 3855 primus
371 3786 515 3837 tractatus
548 3799 670 3838 omnem
704 3790 883 3859 apparatam
911 3777 1053 3838 bellicum
1086 3776 1247 3857 omniaque
1267 3778 1308 3839 ad

222 3854 307 3916 illam
329 3860 494 3917 necessaria
514 3863 698 3918 exactissime
721 3860 875 3920 describit.
917 3858 1058 3940 Reliqui,
1089 3860 1165 3917 ritus
1185 3857 1307 3921 ecclesi·

222 3943 350 4015 asticos,
388 3940 566 4000 cerimonias
593 3943 624 3999 in
645 3960 830 4019 unoquoque
851 3942 925 3999 festo
945 3940 995 3999 die
1024 3941 1178 4000 observari
1203 3941 1307 4005 solitas

222 4022 366 4106 prolixius
387 4032 573 4084 enttmcrant.
614 4022 693 4081 ilinc
716 4043 776 4080 nort
791 4020 888 4079 sohnn
903 4044 981 4103 qnae
995 4022 1032 4082 ad
1048 4032 1158 4083 satam
1173 4025 1305 4089 aulicum

244 4156 268 4219 ι)
286 4153 405 4223 Epistol.
428 4153 463 4205 ad
490 4154 531 4207 et.
547 4151 718 4213 Sarranum,
745 4168 817 4221 quae
837 4150 1001 4203 ctxxxnt.
1032 4162 1074 4206 cst
1096 4152 1125 4207 in
1148 4155 1214 4212 edin
1234 4159 1304 4213 Bur.

294 4224 386 4276 manni
410 4242 434 4295 p.
464 4227 513 4281 186
544 4240 584 4295 sq.
657 4222 685 4293 a)
704 4220 779 4275 ldctn
807 4220 952 4277 Salmasius
973 4225 990 4273 t.
1014 4239 1037 4276 e.
