3125 4917
391 416 446 477 ur
475 410 669 478 crnrnon.
704 405 840 475 nunna
867 409 1035 476 numus.
1065 412 1107 474 u.
1127 411 1180 480 tn.
1239 381 1319 493 78¹

247 569 304 628 rosi
325 560 491 644 δεσπότου,
513 567 568 629 καί
603 565 656 626 δεῖ
672 562 756 646 ἡμᾶς
776 560 966 649 εδτρεπίζειν
985 563 1030 640 τίς
1048 563 1246 628 συνεστιλισιν
1261 559 1327 622 τῶν

250 665 407 746 βασιλέων
429 661 492 748 sind
514 666 571 745 τῆς
596 658 712 740 τεύξεως
731 663 794 726 τῶν
812 665 1010 748 μαγίστρων,
1030 662 1257 742 πραιποσίτων,
1269 657 1328 730 ,δν-

247 760 418 842 δυπύτων,
446 759 640 843 πατρικίων,
672 761 909 845 ύφφικισλίιον,
946 758 1027 841 πλὴν
1054 762 1118 823 τῶν
1149 753 1328 837 εὐνούχων,

248 859 322 933 τούς
341 858 474 944 ἡμίσους
494 859 663 942 ἁπάντων,
698 855 753 922 καί
776 856 840 921 α’πό
867 861 923 942 τῆς
951 855 1067 933 τύξεως
1085 858 1140 938 τῆς
1158 852 1219 918 sino
1248 877 1329 932 ιαμ-ι

228 957 361 1040 §nuptos
380 951 571 1041 συγκλήτου,
607 954 662 1020 καί
692 959 755 1021 τοῖν
781 956 982 1039 ταγματικσῖν
1009 951 1226 1035 α’λλαξιμοὶτων
1246 948 1327 1015 κατὰ

247 1053 282 1118 τὸ
300 1052 397 1118 ποσδν
415 1057 470 1138 τῆς
488 1057 652 1140 τραπέζης,
667 1053 723 1120 καί
735 1050 872 1138 εἰσάγειν
885 1050 968 1135 μετὰ
985 1055 1049 1116 τοῖν
1065 1049 1184 1116 οἰκείων
1202 1050 1329 1126 δλλαξι-

248 1151 357 1233 μύτων
377 1155 433 1215 καί
449 1153 631 1236 χλανιδίων,
640 1151 714 1230 τούς
735 1152 771 1216 δὲ·
791 1151 920 1227 λοιπούς
940 1145 1083 1224 ἅπαντας
1102 1147 1265 1230 ταμιεύειν
1284 1147 1476 1226 είςΕιλΜΰι

246 1247 401 1334 χύρευσιν
430 1253 485 1333 τῆς
511 1254 617 1336 χαρᾶς
642 1253 699 1317 τού
726 1244 893 1316 δεσπότου.
933 1245 1032 1334 κύκληι
1059 1244 1122 1330 γὰρ
1150 1241 1332 1328 χορεύοντες

249 1346 331 1430 μετὰ
353 1352 484 1434 χρυσοῖν
504 1353 674 1434 θωρακίων
702 1346 776 1423 τούς
804 1349 951 1423 δπαίνονς
982 1347 1132 1410 πλέκουσι
1157 1344 1221 1408 τῶν
1241 1343 1332 1407 εύσε-

211 1449 314 1530 ιοβιὸν
334 1447 506 1528 δεσποτῶν,
528 1451 584 1512 καί
598 1451 721 1512 δίδοται
740 1448 837 1512 πᾶσιν
858 1443 1043 1532 φιλοτιμίας
1062 1445 1180 1527 δῶρον,
1209 1442 1333 1526 χρυσοῦ

247 1547 351 1630 λίτραν
371 1547 423 1628 ις’,
456 1545 512 1610 καί
538 1548 720 1628 διανίμεται
747 1549 830 1611 πᾶσι
856 1541 945 1629 παρὰ
965 1545 1024 1607 τοῦ
1053 1543 1332 1627 πρωτομαγιστρον

248 1644 304 1708 καῖ
329 1647 387 1707 τοῦ
412 1648 579 1726 βασιλικοῦ
617 1646 803 1731 σ’ρτοκλίνου
833 1642 912 1708 κατὰ
939 1637 1040 1705 τύπον
1065 1645 1129 1704 τῶν
1159 1641 1234 1702 καθ’
1252 1632 1334 1721 ἡμᾶς

248 1739 437 1805 κωνδακίων.
478 1743 518 1828 τῇ
538 1743 574 1808 δὲ
595 1744 725 1830 ἐπιούσῃ
747 1741 850 1828 ἡμέρη
868 1745 1004 1803 τελεῖται
1022 1734 1182 1818 ἑπομένως
1203 1733 1332 1803 ι’ππικδν

247 1835 481 1922 ἱπποδρόμιον,
516 1838 573 1903 καί
599 1844 785 1926 προτίθεται
813 1835 847 1904 εδ
875 1833 1119 1923 κλητιόριον.ε’ττι’
1136 1836 1195 1900 τού
1214 1839 1332 1921 τρικλί-

214 1951 307 2015 15νον
327 1938 392 2002 τῶν
411 1936 632 2019 κσδισμτίτων,
666 1935 722 2002 καῖ
747 1938 976 2020 ουγτισλοῦνται
1003 1935 1049 2009 είς
1076 1935 1272 1999 συνεοτίασιν
1289 1935 1360 2021 τηδη

249 2040 379 2117 βασιλεῖ
394 2037 481 2121 φιλοι
500 2033 581 2100 κατὰ
593 2034 646 2102 τὸν
666 2038 700 2101 ἐν
720 2045 786 2112 τοῖς
799 2033 1037 2120 ἱπποδρομικοῖς
1056 2035 1240 2118 κλητωρίοις
1254 2057 1334 2116 γρα-

251 2135 348 2216 φέντα
379 2131 485 2206 τύπον.
526 2139 564 2221 τῇ
592 2137 628 2200 δὲ
661 2133 754 2222 δγδύη
781 2138 838 2200 τοῦ
867 2136 1079 2216 Σεπτεμβρίου
1112 2127 1211 2215 μηνδς
1230 2128 1334 2222 ἦμὲρρι

250 2235 383 2294 τελεῖται
409 2236 592 2316 προέλευσις
619 2235 682 2298 τῶν
702 2237 869 2316 γενεθλίων
894 2233 950 2316 τῆς
970 2226 1144 2314 ύπερσγιλις
1173 2227 1337 2310 δεσποίνης

251 2326 341 2408 ἡμῶν
363 2325 515 2392 Θεοτόκου
538 2334 591 2395 καί
609 2325 819 2416 ἇειπαρδὲνου
840 2333 998 2416 Μαρίας,
1033 2327 1089 2392 κατ’
1118 2330 1479 2414 προέρχονταιῃ.,,ςς,,

212 2422 284 2490 aooi
302 2428 445 2506 βασιλεῖς
465 2423 650 2510 ἕμπρύττως
669 2427 748 2506 μετὰ
769 2431 872 2514 πάσης
892 2432 950 2512 τῆς
967 2427 1138 2512 συγκλήτου
1162 2429 1196 2492 δν
1210 2427 1254 2513 τῷ
1269 2428 1335 2514 νοηῖ

251 2523 307 2606 τῆς
337 2521 430 2605 δγίας
465 2522 623 2588 Θεοτύκου
661 2527 725 2587 τῶν
754 2530 1014 2610 χαλκοπρατίοον,
1061 2522 1117 2588 κατ’
1149 2525 1336 2607 τελουμένης

253 2622 310 2706 τῆς
329 2620 418 2706 ἱερᾶς
435 2625 647 2707 λειτουργίας,
675 2621 870 2708 ὑποστρέφει
892 2619 909 2686 δ
928 2619 1080 2705 βασιλεύς
1099 2618 1235 2706 ἔφιππος
1253 2618 1334 2703 μετὰ

252 2870 350 2924 sesque
379 2851 547 2907 merentibus
571 2852 720 2922 collatum3
750 2871 805 2925 quo
830 2853 902 2905 facto
938 2871 1030 2908 rursus
1059 2852 1205 2908 instruitur
1228 2867 1335 2903 sacrum

253 2925 423 2986 convivium,
448 2923 482 2974 ad
508 2923 583 2995 quod
610 2925 755 2976 inritamus
788 2921 907 2977 delectos
936 2924 971 2975 de
1003 2923 1099 2975 ordine
1130 2923 1335 2990 magistrorum,

252 2995 486 3062 praepositorum,
505 2993 713 3062 proconsulum,
732 2995 926 3062 patriciorum,
966 2992 1126 3047 officialium
1159 3001 1268 3063 praeter
1285 3008 1335 3043 eu-

254 3061 360 3113 nuchos
388 3064 532 3125 omnium,
552 3061 600 3114 scd
618 3063 744 3114 ordinum
764 3072 872 3116 tanturn
889 3071 994 3134 partem
1013 3063 1172 3130 dimidiam
1192 3061 1227 3114 de
1243 3070 1333 3113 cetero

254 3131 393 3200 campagis
412 3138 522 3200 gerento
540 3139 635 3182 senatu
654 3137 683 3182 et
699 3132 865 3185 militaribus
889 3133 1002 3185 urbanis
1021 3131 1222 3205 magistratibus
1245 3141 1335 3183 nauta-

254 3203 327 3255 toria
354 3201 512 3268 gerentibus
546 3207 684 3270 quotquot
701 3218 794 3254 mcusa
818 3203 901 3271 capit.
936 3205 971 3256 lli
996 3205 1053 3257 suis
1076 3205 1106 3255 in
1130 3201 1285 3254 mutatoriis
1307 3208 1336 3251 ct

254 3271 356 3324 tunicis
377 3269 597 3322 introducuntur.
635 3269 763 3339 Reliquos
782 3279 874 3323 auteur
899 3288 993 3326 omnes
1019 3288 1185 3326 reservamus
1209 3269 1244 3322 sd
1269 3271 1335 3323 cho-

254 3357 344 3400 ream,
362 3357 433 3411 quae
452 3338 622 3391 exhilarandi
642 3339 753 3391 Domini
780 3341 867 3394 nostri
886 3343 972 3412 grstia
995 3343 1157 3394 instituitur.
1192 3341 1224 3392 ln
1242 3341 1336 3392 orbem

254 3410 285 3463 hi
304 3409 428 3461 saltando
447 3411 535 3462 snreis
555 3409 583 3460 in
601 3408 759 3462 thoracibus
784 3412 897 3481 peplum
914 3414 1000 3465 vehsti
1026 3410 1138 3465 laudum
1156 3409 1211 3481 piis
1234 3411 1335 3462 nostris

253 3480 381 3533 Dominis
406 3485 448 3530 tot
473 3495 569 3530 vocum
596 3485 651 3531 tam
675 3479 750 3530 vario
774 3486 804 3532 ct
834 3498 890 3532 non
911 3481 1053 3533 desinente
1080 3490 1211 3535 concentu
1229 3488 1334 3534 texunt

255 3550 305 3602 Pro
324 3566 380 3620 qno
397 3547 489 3598 studio
507 3549 644 3618 accipiunt
662 3547 770 3601 donarii
789 3551 901 3604 nominc
926 3551 985 3604 auri
1004 3553 1078 3603 litras
1103 3551 1239 3618 sedecima
1266 3565 1337 3621 quse

255 3619 328 3672 inter
345 3618 418 3688 ipsos
436 3632 452 3668 a
470 3621 676 3688 protomagistro
694 3627 723 3670 et
747 3621 821 3691 regio
846 3621 980 3673 artoellno
1012 3621 1160 3674 secundnm
1192 3621 1337 3672 formulam

256 3698 285 3742 ct
304 3689 499 3759 praescriptum
518 3689 640 3742 codicem
660 3689 768 3758 collegii
787 3691 875 3741 nostri
895 3688 1105 3750 distribuuntur.
1135 3693 1273 3760 Sequente
1291 3686 1337 3737 die

257 3759 400 3828 perficitur
425 3757 556 3827 consequi
583 3759 734 3826 praedictas
758 3757 911 3812 hilaritates
936 3762 1024 3814 solens
1048 3772 1185 3816 certamen
1203 3757 1336 3829 equestris

261 3843 369 3890 cursus,
392 3835 421 3882 et
437 3834 627 3898 proponuntur
645 3829 744 3898 epulae
762 3827 792 3882 in
810 3830 931 3882 triclinio
950 3830 1153 3895 euthismatuns‚
1172 3838 1201 3881 et
1218 3831 1337 3880 invitan-

257 3904 301 3948 tur
332 3899 367 3950 nd
399 3897 596 3952 convivandum
614 3899 730 3950 Domino
756 3899 853 3962 amiel,
872 3917 941 3972 quos
960 3904 1058 3955 rituale
1075 3904 1196 3972 postolat
1219 3897 1254 3949 ad
1272 3913 1337 3949 eon-

210 4021 212 4026 ,
257 3967 332 4018 viris
358 3970 387 4021 in
413 3965 587 4040 equestribus
614 3968 715 4021 talibus
738 3972 875 4024 exercitiis
893 3973 1061 4026 instituenda
1081 3972 1199 4023 invitari.
1234 3969 1336 4022 Octavo

260 4037 307 4088 dle
334 4035 502 4105 Septembris
526 4039 665 4107 peragitur
691 4041 828 4106 processio
855 4042 892 4094 ob
915 4043 1035 4094 natslem
1055 4042 1128 4092 diem
1153 4038 1337 4090 sanctissimae

260 4105 387 4159 dominae
407 4117 514 4161 nostrae
535 4107 724 4177 Deigcnitrlcis
742 4118 770 4162 et
794 4125 900 4180 semper
923 4113 1035 4182 virginis
1058 4111 1181 4177 Mariae3
1205 4125 1259 4179 qna
1282 4107 1337 4158 lra-

260 4182 400 4244 poratores
427 4178 456 4230 in
479 4195 576 4248 magna
600 4192 700 4249 pompa
718 4193 779 4232 enm
796 4186 856 4230 soso
876 4189 970 4233 senatu
990 4180 1024 4232 sd
1041 4180 1172 4246 templum
1191 4179 1217 4230 S.
1234 4179 1337 4247 Dcips-

261 4259 309 4299 rse
337 4243 580 4318 chalcoprstiorum
606 4245 767 4320 procedunt
809 4244 865 4302 obi
884 4257 1031 4322 postquam
1048 4247 1122 4304 uniit
1136 4249 1337 4309 ssuonmot·
