3125 4917
375 419 429 480 oe
457 356 652 482 cerritior.
688 414 825 477 ausae
853 414 1021 479 erasm.
1052 418 1093 479 11.
1113 423 1165 490 5³.
1238 390 1320 504 785

242 574 344 653 μένων
365 568 546 635 ἐκτάττων
573 569 714 634 aristosi
741 570 917 632 λαυσιακοῦ
945 561 1118 650 ἇρχδντοιν.
1159 576 1214 639 κατ’
1230 571 1324 656 sistito

240 668 356 758 ἑκάστῃ
378 664 577 755 ἁρμοζόντως
595 668 681 742 τάξει
701 664 775 742 τούς
796 665 1017 751 συμμετδχους
1037 670 1244 760 ἓξαριθμὴσῃ,
1265 688 1348 741 ιτα-Β

240 767 281 832 ed
303 767 339 833 τὸ
358 765 456 832 ποσὸν
476 771 534 830 τοῦ
556 765 659 850 δώρου
680 769 737 849 τῆς
755 766 936 850 ευέργεσιλις
956 773 1118 832 ποιεῖσθαι
1136 770 1193 834 τὸν
1213 777 1326 836 συλλοι

242 865 367 950 γισμόν,
388 863 432 941 ὥς
460 863 659 947 λεχθήσεται.
698 864 790 948 ἡνίκα
811 862 872 950 γὰρ
900 862 1111 953 ὅμιὶγιστρος
1130 860 1248 949 ἄτομον
1266 894 1325 934 τυ-

219 965 296 1046 offis
317 967 397 1052 λάβῃ
417 961 656 1048 μδρανμολονεί
673 1013 694 1044 ,,
711 961 747 1044 κ’,
770 956 891 1048 ὄφιιλει
911 963 1083 1045 λαμβάνειν
1103 964 1119 1032 ὃ
1141 965 1471 1042 ιῖνθδπατοςλίι.υδρ,τ

237 1064 271 1129 τὸ
294 1061 391 1148 ἥμισυ
412 1061 542 1144 τούτου,
563 1061 744 1143 νομίσματα
765 1062 796 1132 ί.
830 1061 848 1126 δ
870 1065 904 1127 δὲ
926 1067 1086 1149 πατρίκιος
1104 1058 1226 1152 δφειλει
1245 1063 1327 1130 sino·

237 1163 365 1227 πίπτειν
390 1163 433 1250 sagi
456 1159 624 1248 ἀνθυπάτῳ
645 1211 667 1242 „
688 1157 728 1242 α’,
755 1159 811 1225 καί
835 1162 1006 1244 λαμβάνειν
1032 1167 1158 1246 νομίσμ.
1180 1163 1221 1245 δ’,
1249 1164 1327 1230 ὅδὲ

243 1259 448 1348 ὄφφικιάλιος
484 1257 520 1324 τὸ
554 1262 697 1344 δίμοιρον
735 1265 795 1324 τοῦ
823 1261 988 1346 πατρικίου
1016 1266 1141 1344 νομίσμ.
1163 1259 1202 1345 ς’,
1231 1261 1260 1327 oi
1289 1266 1326 1329 δδ

238 1361 519 1444 πρωτοσπαδιλριοι
545 1356 626 1422 λιταί
650 1357 685 1423 τὸ
715 1356 815 1442 ἥμισυ
848 1363 908 1425 τοῦ
935 1364 1102 1446 πατρικίου
1130 1364 1259 1444 νομίσμ.
1286 1363 1325 1434 δ’.
1377 1421 1379 1424 ,

201 1463 450 1544 ιοπροτιμοῖνται
473 1461 508 1522 δὲ
532 1453 560 1521 οἱ
581 1460 637 1522 τοῦ
657 1462 914 1543 χρυσοτρικλίνου
936 1459 992 1524 καί
1011 1458 1039 1525 ol
1059 1463 1118 1526 sori
1144 1465 1325 1544 μαγλαβιου

236 1553 518 1642 πρωτοσπαδιὲριοι
540 1555 596 1618 καί
622 1553 651 1618 οἱ
672 1557 843 1642 α’ρτικλίνοι
869 1557 950 1642 ὑπὲρ
977 1557 1051 1635 τούς
1071 1558 1176 1634 λιτοὺς
1201 1581 1327 1646 πρωτο-
1365 1613 1368 1619 .

236 1656 441 1737 σπαθαρίους
476 1654 601 1735 νομίσμ.
621 1653 657 1739 γ’,
701 1655 731 1720 οἱ
763 1658 799 1720 dt
832 1658 1236 1743 σπαδαροκουβικουλάριοι
1269 1657 1325 1722 κατ’

236 1749 564 1838 σπαθαροκανδιδιὶτοι
577 1751 612 1816 τὸ
636 1756 779 1840 δίμοιρον
798 1757 856 1819 τοῦ
882 1760 1172 1842 πρωτοσπαθαρίου
1192 1808 1214 1839 ,,
1234 1753 1270 1841 y'.
1292 1756 1351 1822 oid

236 1853 273 1916 δὲ
293 1853 547 1937 κουβικουλάριοι
566 1851 623 1917 καί
641 1854 819 1936 σπαθάριοι
848 1853 905 1919 καί
930 1853 1099 1941 στράτορες
1124 1855 1323 1938 λαμβάνουσι

197 1947 271 2018 ι5τδ
294 1945 395 2034 ἥμισυ
417 1953 475 2015 τοῦ
495 1947 786 2040 πραιτοσπαδαριλιυ
812 2001 833 2036 ,,
852 1952 913 2037 dd·
953 1954 984 2020 oi
1003 1957 1039 2019 δδ
1059 1952 1239 2020 κανδιδάτοι
1257 1981 1323 2038 μα-

233 2054 383 2134 γλαβῖται
402 2047 465 2114 stad
483 2098 506 2129 ‚s
528 2049 563 2124 ς’·
607 2049 637 2116 οἱ
658 2053 695 2116 δὲ
714 2055 908 2138 perpessuros*
931 2051 1160 2139 χαρτουλάριοι
1189 2058 1246 2119 καί
1264 2077 1323 2120 -νο-

232 2149 341 2232 scipsos
367 2147 578 2214 ὑποπίπτουσι
606 2157 675 2224 τοῖς
699 2151 758 2215 τοῦ
787 2154 965 2215 λαυσιακοιῖ
985 2145 1157 2236 ἄρχουσιν,
1189 2155 1322 2227 ἕκαστος

233 2244 314 2311 κατὰ
346 2244 381 2311 si
408 2243 490 2310 ἴδιον
518 2241 659 2329 οἷ’ξιλομα,
690 2250 806 2334 τρίτον.
854 2246 883 2312 οῖ
910 2250 946 2312 δὲ
974 2242 1124 2332 ἄρχοντες
1149 2251 1208 2313 τοῦ
1226 2255 1321 2331 βασι-

232 2348 325 2408 λικοῦ
353 2349 534 2426 βεστιαρίου
561 2345 774 2420 ὑποπίπτουσι
801 2348 858 2411 κατ’
884 2345 981 2410 αδτοί
1005 2345 1084 2412 κατὰ
1120 2346 1176 2423 τὰς
1206 2351 1322 2422 οἰκειας

192 2437 325 2517 τοοῖξίας
345 2440 407 2505 dno*
429 2445 492 2506 τῶν
511 2443 686 2524 βασιλικῶν
712 2445 772 2506 ’τοῦ
799 2445 975 2507 λαυσιακοῦ
1000 2442 1082 2508 κατὰ
1110 2443 1145 2510 sd
1176 2447 1321 2530 δίμοιρον

231 2543 327 2626 μέρος
352 2543 411 2605 τοῦ
440 2538 666 2623 πρωτοτδπου,
700 2533 765 2604 οἷον
795 2540 825 2604 oi
851 2542 1130 2629 πρωτοσπαθάριοι
1158 2542 1222 2608 ἀπὸ
1255 2547 1320 2608 τῶν

232 2640 396 2706 οἰκειακῶν
424 2642 519 2705 λιτῶν
549 2643 863 2727 πρωτοσπαθαριλον,
892 2637 927 2705 τὸ
954 2639 1096 2728 δίμοιρον
1115 2691 1137 2724 ,,
1156 2640 1193 2725 y',
1214 2645 1270 2708 κατ’
1289 2639 1320 2706 oi

229 2828 352 2879 seeretiei
371 2834 462 2878 autem
480 2826 581 2878 notarii
600 2827 758 2877 eximuntur
776 2825 828 2876 soli
847 2825 882 2879 de
900 2827 1027 2881 omnihus
1042 2819 1164 2880 larrsiaei¹¹
1175 2827 1316 2898 magistra-

229 2898 311 2949 tibus.
348 2899 440 2969 Quum
461 2897 555 2967 itaque
573 2897 722 2966 unicuique
742 2897 819 2948 classi
838 2902 1031 2950 convenienter
1049 2900 1240 2967 supputaverit
1253 2915 1316 2966 par-

228 2975 284 3020 tem
303 2969 422 3020 merueris
444 2968 557 3030 laturos,
576 2975 642 3018 tunc
660 2965 744 3020 debet
762 2982 796 3018 ex
815 2968 971 3040 quantitate
990 2967 1056 3018 doni
1076 2967 1211 3020 caleulum
1229 2967 1315 3019 bene·
1355 2971 1359 2976 ‘

228 3039 283 3090 licii
301 3039 402 3108 cuique
421 3037 565 3092 individuo
588 3037 767 3106 competentis
793 3035 866 3089 hune
894 3037 923 3090 in
949 3037 1060 3089 modum
1079 3038 1160 3089 inire.
1195 3037 1315 3109 Quando

227 3109 355 3177 magister
373 3109 528 3176 portionem
547 3108 697 3176 integram,
724 3123 806 3180 quam
823 3124 884 3160 eum
909 3109 965 3159 alio
984 3110 1061 3159 nullo
1079 3108 1216 3175 partitur,
1241 3107 1315 3159 aeci-

225 3179 278 3247 pit,
296 3195 321 3235 e.
332 3197 353 3230 c.
372 3178 470 3245 viginti
483 3195 616 3241 nummos,
634 3186 700 3230 tunc
719 3177 820 3247 accipit
830 3178 978 3246 proconsul
993 3175 1146 3238 dimidiam,
1164 3176 1194 3228 id
1209 3185 1251 3230 est
1264 3176 1314 3228 de·

227 3265 299 3312 erm3
319 3256 347 3298 et
360 3247 491 3316 patricius
509 3248 562 3299 lroe
581 3249 640 3318 ipso
655 3263 832 3300 unonummo
845 3251 945 3311 minus,
964 3248 993 3300 id
1014 3255 1056 3300 est
1073 3263 1312 3300 novomaummos.

225 3318 354 3372 Ollicialis
372 3316 476 3368 bessem
496 3318 605 3384 accipit,
626 3317 655 3367 id
671 3325 711 3366 cst
727 3333 853 3370 nummos
870 3334 926 3376 sex.
944 3316 1158 3387 Protospathsrli
1175 3317 1312 3386 simplices

224 3388 364 3458 accipiunt
382 3385 524 3438 dimidium
543 3385 612 3450 eius,
630 3384 705 3456 quod
719 3387 851 3453 patricius
868 3390 977 3458 accipit,
994 3388 1022 3437 id
1038 3395 1079 3438 est
1095 3403 1220 3437 nummos
1241 3404 1312 3470 qoa-

224 3465 294 3510 tuor.
330 3457 451 3510 Ministri
469 3455 684 3521 chrysotriclini,
709 3457 922 3525 protospatharii
941 3455 1088 3525 maglahii‚
1118 3465 1146 3508 et
1167 3457 1312 3509 artielrrrae

225 3527 364 3597 accipiunt
381 3537 473 3579 ternos
492 3542 617 3578 nummos
635 3524 706 3595 plus,
745 3542 808 3576 isam
825 3527 963 3596 simplices
981 3526 1204 3598 protospatharii,
1240 3529 1310 3596 Spa-

223 3595 468 3651 tharoeuhicularii
493 3602 522 3646 et
545 3544 815 3664 spatharocandidari
843 3599 983 3666 ascipiunt
1002 3605 1056 3649 tres
1101 3605 1191 3649 uastas
1218 3606 1310 3667 partes

224 3669 295 3731 eius,
314 3667 389 3738 quod
407 3665 639 3736 protospatharii3
660 3683 720 3718 nem
742 3682 757 3716 o
775 3675 866 3719 tomos
885 3683 1020 3722 nummos.
1047 3666 1087 3716 Cu
1110 3669 1227 3730 leularii,
1245 3683 1310 3736 spa·

224 3736 317 3802 tharii,
336 3745 465 3792 stratores
489 3737 629 3805 occipiunt
646 3683 788 3789 dimisllam
808 3739 881 3800 eius,
911 3738 986 3807 quod
1007 3737 1147 3806 accipiunt
1163 3744 1309 3807 protospa-

224 3807 318 3872 tharii,
338 3824 436 3878 nempe
454 3807 536 3860 hinos
555 3823 616 3859 enm
634 3806 722 3858 tribus
739 3807 908 3871 miliaresiis3
933 3807 1073 3860 candidati
1091 3807 1242 3877 maglslriae
1260 3824 1309 3860 ae-

224 3878 332 3946 ciplunt
348 3895 437 3937 senos.
455 3878 585 3932 Secreriei
604 3876 762 3929 chartularii
782 3885 811 3928 et
826 3877 929 3931 notarii
947 3877 1041 3929 serrant
1059 3893 1113 3928 ιιοιι
1130 3878 1212 3929 tertia
1229 3886 1309 3947 parte

225 3948 332 4011 minus,
361 3966 443 4020 quam
462 3950 585 4002 eiusdem
601 3964 692 4001 seeum
713 3947 818 4000 ordinis
835 3963 961 4017 proceres
979 3949 1075 4018 palatii
1093 3949 1216 4006 lauriaci,
1254 3949 1309 4000 Ea·

225 4017 287 4069 dem
304 4018 376 4070 ratio
395 4029 546 4074 ceterorum
564 4018 698 4086 vestiarii,
712 4034 855 4087 procerum
880 4028 1002 4087 respectu
1021 4019 1057 4072 ad
1074 4018 1227 4072 vestiaritas
1247 4018 1308 4069 lau-

224 4089 297 4138 siaei.
333 4090 362 4142 Ε.
383 4107 405 4141 e.
423 4091 535 4143 lausiaei
553 4085 767 4160 protospatharii
785 4089 877 4142 lerunt
901 4097 1055 4159 quaternos.
1092 4087 1305 4156 protospatharii

224 4159 365 4211 domestici
381 4160 518 4231 simplices
536 4160 630 4212 lerunt
643 4168 743 4210 ternos.
779 4159 882 4212 llorum
896 4165 1036 4212 ternorum
1055 4175 1109 4209 una
1130 4161 1212 4211 tertia
1228 4166 1306 4226 parte

222 4229 312 4281 minus
333 4229 424 4282 lerunt
442 4228 720 4300 spadraroeandidati‚
738 4245 836 4298 nempe
854 4228 942 4281 binos.
979 4229 1080 4282 Horum
1105 4228 1232 4282 binorum
1250 4243 1304 4278 una

221 4299 328 4364 gemina
343 4308 419 4368 parte
436 4301 526 4352 minus
544 4300 638 4353 lerunt
649 4297 782 4369 spatharii
796 4306 825 4352 et
836 4307 974 4363 stratores,
988 4299 1017 4350 id
1032 4309 1073 4351 est
1086 4299 1207 4367 singulos
1225 4300 1304 4350 hum-

258 4403 455 4458 Constantinus
468 4401 599 4474 Porphyr.
616 4403 672 4457 Vol.
690 4403 711 4456 l.
1073 4401 1106 4452 50
1189 4464 1194 4486 ι
