3125 4917
233 386 327 451 ΠΝ
415 384 472 449 10.
501 384 639 491 HENR.
652 385 804 451 LElCllll
832 381 1126 455 committo

235 543 311 603 dam
334 536 513 619 defendere,
533 542 667 603 Leonem
694 540 858 603 vorborum
883 542 1081 623 contumelia,
1110 545 1201 607 etiam
1224 562 1310 606 naor·

234 634 343 697 tuum,
362 623 499 705 insequi,
520 624 595 685 nihil
619 625 762 706 denique,
794 625 877 706 quod
905 626 1064 707 praefracti
1084 647 1120 687 ac
1150 629 1310 709 pertinacis

234 704 365 765 hominis
383 706 592 784 sst‘omittere
612 708 647 784 ¹).
677 707 785 788 ltaque
806 708 1019 769 Constantinus
1043 706 1085 768 A.
1100 708 1309 771 DCCCCXX.

234 796 417 847 converiturn
443 788 645 849 sacerdotibus
667 788 948 872 Constantinopolin
967 790 1097 869 indixit,
1118 801 1154 850 ut
1174 790 1310 853 consule·

233 878 303 929 rent
331 879 472 949 paternae
500 872 729 948 existimationi,
758 885 941 954 quartaeque
967 874 1087 955 nuptias
1111 870 1176 954 lege
1208 872 1311 934 abole-

232 962 325 1011 rents
351 970 404 1011 seu
429 954 472 1011 rei
498 952 694 1036 indignitate,
726 975 798 1030 seu,
828 976 889 1036 quo
913 960 1007 1036 magis
1027 952 1149 1015 inclinat
1168 958 1310 1030 animus,

233 1032 421 1113 patriarchae
441 1034 557 1095 utilius
577 1046 746 1097 commotus
768 1038 805 1113 ²).
846 1038 952 1097 Exstat
972 1037 1122 1112 edictum,
1142 1039 1311 1097 communi·

232 1126 281 1175 ter
301 1117 520 1196 compositum,
544 1119 576 1177 in
599 1116 677 1177 lianc
699 1118 762 1179 sere
782 1122 985 1179 sententiam:
1012 1116 1167 1179 Christum
1188 1118 1312 1198 generis
1422 1171 1424 1174 .

235 1198 368 1257 lrumani
382 1210 591 1273 servatorem,
609 1198 816 1261 concordiam
839 1214 870 1261 et
883 1201 1019 1283 quietem
1037 1200 1199 1283 publicam
1213 1218 1312 1281 prae-

232 1281 329 1359 ceptis
353 1291 383 1339 et
409 1280 554 1363 exemplo
582 1280 831 1360 commendasse,
846 1302 918 1343 eam
939 1284 1021 1343 vitio
1037 1282 1220 1342 mortalium
1242 1293 1313 1339 tur·

232 1363 344 1423 batam
354 1404 369 1432 ,
395 1374 552 1442 natasque
574 1364 628 1424 uel
652 1363 692 1423 dc
715 1366 921 1425 matrimonio
943 1377 1031 1424 caste
1049 1374 1079 1422 et
1108 1362 1244 1443 legitime
1259 1362 1312 1421 in·

231 1442 335 1503 eundo
352 1462 443 1503 acres
461 1464 637 1527 gravesque
655 1448 879 1507 contentiones.
922 1446 1011 1528 Quas
1027 1457 1062 1505 ut
1079 1454 1312 1526 componerent,

228 1544 399 1606 pacemque
429 1544 524 1587 sacro
553 1528 657 1586 coetui
689 1524 891 1600 redderent,
920 1541 1061 1587 statuere
1092 1546 1146 1597 se,
1177 1538 1315 1607 quartas

230 1606 361 1746 ntrptias
390 1609 519 1667 omnino
541 1607 784 1690 prohibendae,
815 1612 927 1670 tertias
951 1609 1046 1670 certis
1078 1606 1313 1669 conditionibus

229 1708 264 1747 cc
278 1686 440 1749 ebrandas
464 1710 540 1750 esse.
581 1688 634 1749 Ad
655 1710 774 1749 annum
798 1691 918 1751 seilicet
944 1691 1062 1751 aetatis
1096 1687 1310 1772 quadragesi-

229 1789 312 1829 mum
331 1773 492 1851 provectis
515 1772 656 1832 nondum
682 1784 828 1854 suscepta
860 1772 967 1834 sobole
990 1772 1153 1855 permitti,
1175 1768 1308 1843 ceteris,

231 1851 287 1931 qui
310 1851 377 1910 iam
398 1864 548 1931 parentes
573 1852 665 1931 facti
689 1867 813 1923 essent,
842 1874 906 1913 non
932 1855 1039 1915 licere.
1083 1852 1230 1928 Triginta
1249 1866 1310 1905 an-

228 1951 286 1992 nos
308 1930 413 2009 natis,
443 1951 544 1992 uxore
573 1931 680 1991 altera
705 1935 771 1990 sine
791 1933 898 1994 liberis
922 1934 1105 2008 exstincta,
1136 1927 1309 2010 quadrien-

103 2014 323 2073 valllnium
345 2032 369 2076 a
388 2032 486 2075 sacra
515 2034 615 2076 coena
635 2012 878 2091 abstinendum,
900 2025 935 2072 at
961 2010 1100 2095 effusam
1124 2012 1158 2071 in
1184 2020 1313 2069 tantam

229 2093 509 2173 intemperantiam
543 2094 708 2155 libidinem
739 2096 933 2175 expiarent.-
953 2097 982 2154 si
1014 2096 1085 2175 quis
1109 2089 1312 2152 sacerdotnm

232 2172 423 2248 admiserit,
449 2197 576 2237 munere
600 2174 809 2258 privandum.
851 2173 1017 2246 Ceterum,
1067 2177 1102 2233 ui
1126 2173 1175 2234 ad
1198 2174 1314 2233 matri-

231 2258 370 2317 monium
406 2259 613 2336 cogitatianes
640 2268 882 2329 converterent,
914 2278 953 2317 ne
982 2195 1066 2338 quid
1079 2253 1249 2340 flagitiose
1282 2266 1314 2314 et

231 2339 354 2421 impure
382 2338 655 2408 committeretur,
685 2357 801 2399 curare
824 2338 948 2404 debere.
991 2339 1074 2405 llaec
1093 2338 1172 2396 latae
1189 2349 1256 2397 turn
1270 2336 1316 2395 le-

232 2421 278 2501 gis
305 2422 452 2480 sententio
483 2420 559 2497 luit,
588 2439 707 2499 quarm
738 2430 774 2480 ut
800 2432 866 2481 rata
888 2421 1034 2499 firmaque
1052 2428 1148 2493 esset,
1180 2421 1211 2477 in
1239 2436 1313 2475 oon-

228 2504 316 2563 cione
335 2500 439 2583 populi
459 2504 620 2582 quotannis
646 2504 801 2561 recitatam
824 2502 859 2576 ⁸),
877 2520 1007 2577 eumque
1026 2518 1142 2555 rnorem
1162 2517 1181 2556 a
1201 2496 1312 2556 Basilio

229 2594 259 2642 et
281 2584 504 2658 Constantino,
526 2582 723 2654 Caesaribus,
747 2582 936 2639 Constantini
958 2578 1117 2659 nepotibus
1123 2625 1133 2653 ,
1160 2589 1313 2639 servatum

227 2682 291 2723 esse
310 2662 355 2742 l),
385 2664 498 2743 accepi.
552 2663 601 2722 Sic
630 2660 750 2741 publica
780 2658 983 2743 tranquillitas
1004 2659 1128 2723 tandem
1156 2662 1313 2739 restituta,

251 2816 279 2887 r)
295 2816 411 2873 l’rseist
423 2816 608 2893 TomiUnion.
661 2815 689 2879 sl
700 2815 879 2875 tndtctvm.
888 2814 1070 2870 Menselnlio.
1089 2814 1314 2869 Siecnirn'l'lreo-

296 2884 497 2959 pisan-Contin.
507 2903 533 2956 p.
542 2887 607 2955 746.
622 2882 657 2937 ‘H
671 2889 718 2950 τῆς
731 2886 879 2951 ἐκκλησίας
896 2882 972 2954 παρὰ
991 2886 1140 2957 Ῥωμονοῦ
1151 2889 1271 2955 γέγονεν
1284 2884 1314 2936 ἕ-

295 2954 1077 3094 iii'r‘r’d'iiZYJ.ilil‘li'iiilliilid‘sll‘
1090 2956 1314 3077 liliilllsilff

297 3041 1189 3167 pserstNicolausadlosnslemllontificern,mitteretlcgslosllqni
1201 3060 1312 3164 nuptias
1339 3113 1343 3118 ·

320 3166 581 3235 usrtasillegitirnsn
596 3177 648 3227 nee
659 3163 758 3215 Leonis
766 3164 892 3234 exemplo
905 3164 1074 3215 confirmatas
1086 3178 1152 3221 esse,
1165 3158 1313 3220 edicerent

330 3250 426 3289 uorum
444 3234 510 3286 licet
527 3233 604 3285 nulla
621 3248 672 3285 nec
689 3232 762 3299 apud
780 3242 889 3287 sutores
907 3232 1111 3301 Byzantinarum
1132 3246 1239 3292 rorum,
1261 3247 1314 3283 nec

300 3302 331 3355 in
349 3304 435 3356 Tanto
454 3304 568 3355 Unionis
593 3304 696 3354 mentio
717 3304 781 3367 liat,
807 3315 911 3357 certum
937 3310 1027 3355 tamen
1052 3306 1108 3361 est,
1136 3296 1314 3369 Theophyla-

301 3382 375 3425 ctum
392 3381 422 3426 et
439 3372 536 3425 Carum
555 3372 694 3443 pontilicis
714 3375 826 3426 nominc
847 3369 1105 3439 Constantinopolin
1123 3369 1248 3431 venisse,
1269 3370 1315 3421 ln·

301 3442 337 3495 de
356 3444 386 3495 in
407 3444 558 3514 Balgatianr
576 3442 611 3495 sd
639 3441 794 3495 Simeonem
811 3443 984 3496 discessuros.
1020 3438 1054 3498 V.
1071 3438 1179 3490 Nicolai
1233 3439 1314 3492 istola

300 3511 779 3637 tttlltt¹¹·..·l.‘¹tt:.⁷.ii..
792 3507 1314 3648 ³lu⁸l²li²¹i1i⁰¹²3⁰¹l¹92¹³ci²iil

301 3650 391 3722 τόμος
408 3646 478 3701 sard
495 3641 547 3703 sir
570 3651 698 3704 Ἰούλιον
719 3652 797 3720 pira
819 3652 935 3713 itacius
951 3646 996 3700 ἐπ’
1018 3616 1152 3720 ἅμβωνοέ
1172 3645 1315 3714 draysrd-

301 3734 408 3773 σκεται.
441 3722 469 3775 1s
497 3734 585 3774 tomus
610 3738 700 3773 mense
721 3721 796 3773 lulio
823 3720 976 3789 quotannis
1000 3719 1033 3776 in
1055 3730 1182 3788 suggestu
1202 3716 1314 3785 legitur.

301 3790 343 3843 Eo
361 3798 483 3860 ternpore
501 3805 603 3859 pompa
622 3788 743 3841 solennis
763 3797 792 3839 et
814 3789 951 3858 processio
969 3789 999 3842 in
1016 3786 1112 3841 sedern
1130 3788 1221 3837 irenes
1239 3792 1268 3835 et
1286 3784 1313 3837 S.

303 3859 425 3927 Sophiae
451 3859 653 3913 instituebatur.
690 3859 832 3912 Constant.
861 3858 891 3911 in
919 3858 1018 3911 cerins
1043 3857 1102 3911 Aul.
1127 3856 1187 3919 Byr.
1217 3852 1315 3911 iisd*-

302 3930 347 3992 87.
364 3945 389 3982 a.
460 3929 488 4000 l)
506 3929 636 3982 Scholion
654 3930 741 3981 Tanto
759 3930 874 3981 Unionis
891 3928 1017 3981 additum
1036 3922 1268 3996 spud'Leunelsr.
1285 3939 1313 3993 p.

304 4000 361 4049 soll.
396 3997 460 4047 Νῦν
477 3997 508 4051 dl
520 4027 556 4039 -·
568 3990 627 4071 πρὸ
649 3996 835 4063 ἐννενήκοντα
860 3998 975 4068 χρόνον
990 3996 1086 4048 ἕνεκεν
1100 3996 1149 4055 τῆς
1166 3990 1316 4063 apodriti-

302 4066 513 4128 delectatetur
536 4072 586 4119 sai
607 4068 744 4139 ἀφορμῆς
767 4068 984 4138 ἀπορῤογέντας
1001 4064 1087 4134 ἱερεῖς
1105 4064 1154 4113 sai
1174 4062 1315 4133 portitor-

302 4150 366 4195 snt,
394 4130 607 4202 tauryatqmc
631 4139 769 4189 Βασιλεία
793 4138 851 4188 τῶν
872 4134 1040 4203 &conseptis
1065 4133 1213 4187 Βασιλέων
1234 4134 1316 4217 ἡμᾶν

303 4204 455 4258 Bromios
474 4206 523 4258 sni
547 4206 766 4263 Knrarnrttror
790 4207 900 4275 οννῆψι
917 4204 966 4258 sei
983 4201 1136 4271 συνήνυσε.
1170 4202 1193 4259 Ε
1213 4202 1315 4276 mribus
