3125 4917
163 971 166 979 v
220 958 329 1035 quam
353 934 540 1018 desinam,
574 955 681 1035 quem
704 930 862 1035 denique
889 932 974 1005 Vos
1006 932 1155 1032 collegii
1184 942 1306 1008 vestri

219 1086 359 1157 honore
381 1084 536 1181 dignum
552 1106 631 1154 esse
654 1082 876 1155 censuistis?
899 1080 978 1153 lam
995 1085 1156 1177 primum
1181 1098 1301 1155 antem

219 1236 260 1303 in
283 1231 408 1301 limine
434 1234 556 1328 operis
582 1227 683 1331 quod
708 1224 901 1299 Reisltieni
924 1232 1177 1299 commentarii
1196 1244 1304 1325 perte

219 1375 361 1451 inedito
397 1374 605 1465 ornabitur,
635 1373 892 1474 praedicanda
924 1375 1019 1445 mihi
1050 1390 1106 1447 est
1130 1382 1305 1448 memoria

216 1524 249 1600 S
253 1542 413 1600 ortum.
467 1526 544 1627 Qui
576 1552 686 1627 quum
726 1530 910 1623 sapienter
937 1525 1158 1623 intelligeret
1193 1549 1303 1620 quam

211 1678 397 1771 pretiosae
414 1688 534 1747 essent
555 1671 713 1746 schedae
736 1676 816 1743 oiri
833 1674 984 1754 summi,
1009 1696 1115 1772 quem
1136 1670 1303 1770 plerique

216 1824 296 1893 eius
320 1825 408 1893 aeui
438 1822 602 1895 homines
635 1820 775 1894 eruditi
810 1818 966 1920 superbe
993 1836 1103 1920 atque
1138 1819 1302 1912 imperite

218 1964 485 2062 despiciebant,
531 1992 614 2050 eas,
661 1966 831 2063 munifice
869 1990 894 2035 a
933 1960 1053 2035 uidua
1100 1958 1300 2043 redemtos,

220 2098 461 2185 bibliothecae
493 2133 581 2182 suae
611 2112 781 2207 parauit,
810 2108 1087 2205 litterarumque
1112 2103 1301 2177 commodo

217 2261 408 2330 servavit:
433 2262 604 2329 seruauit
629 2255 731 2327 dico:
755 2260 887 2325 etenim
913 2258 952 2323 in
976 2267 1078 2323 tanto
1101 2276 1196 2351 quae
1219 2250 1304 2324 sub-

217 2419 347 2475 secuto
386 2419 440 2475 est
479 2417 687 2500 tempestate
729 2418 839 2503 atque
878 2424 1000 2472 rerum
1038 2402 1301 2481 conversione,

218 2550 295 2618 nisi
315 2552 380 2617 uir
395 2548 455 2619 ille
472 2553 604 2621 ceteris
621 2548 814 2621 dissimilis
822 2546 979 2646 fuisset,
1000 2542 1146 2615 labores
1159 2539 1304 2615 Reisltii

217 2709 282 2763 ttut
320 2698 545 2766 interiissent
576 2696 703 2792 plane,
738 2712 803 2768 atet
827 2695 1015 2793 fortasse,
1047 2692 1135 2771 vili,
1161 2694 1196 2760 si
1208 2686 1303 2783 fieri

211 2850 358 2932 posset,
382 2820 503 2929 pretio
529 2844 702 2935 coempti,
731 2838 897 2908 Dibdino
921 2835 1046 2934 aliquo
1070 2850 1223 2932 agente,
1264 2838 1303 2904 in

217 2978 457 3052 Lucullorum
477 2980 714 3057 bibliothecas
735 2983 880 3057 detrusi
898 3000 1033 3067 essent,
1055 2982 1151 3056 unde
1165 3000 1301 3080 negent

219 3124 342 3198 redire
368 3132 563 3230 quiequam
589 3131 688 3231 quod
714 3133 828 3206 'semel
850 3134 1027 3231 sepulcris
1050 3137 1131 3203 istis
1162 3130 1300 3199 illatum

218 3275 275 3342 sit.
329 3272 429 3343 Male
453 3281 501 3347 sit
533 3275 662 3361 uobis,
700 3280 816 3352 malae
841 3277 1012 3352 tenebrae
1039 3274 1154 3347 Orci!
1186 3274 1299 3345 Nune

215 3430 335 3487 autem
356 3418 467 3513 plane
491 3426 679 3492 contraria
705 3431 848 3495 ratione
875 3425 1016 3504 euenit,
1053 3441 1092 3495 ut
1119 3438 1206 3521 post
1231 3422 1298 3490 ali-

215 3580 305 3661 quot
328 3588 446 3639 ennos
470 3592 550 3640 cum
575 3570 728 3671 reliquis
754 3575 872 3669 copiis
895 3569 1105 3644 Suhmianis
1131 3573 1169 3637 in
1194 3564 1298 3636 bibli-

215 3710 547 3811 othecamRegiam
564 3716 813 3793 Hauniensem
833 3724 1060 3820 migrarent3
1087 3715 1298 3786 huiusmodi

216 3854 364 3929 diuitiis
382 3868 512 3933 ornari
529 3862 801 3965 dignissimam
827 3873 961 3969 quippe
985 3888 1080 3967 quae
1103 3863 1295 3962 splendore

215 4004 383 4083 codicum
400 4018 621 4111 praesertim
645 4021 709 4118 qui
733 4014 786 4092 cul
809 4014 952 4091 litteras
984 4035 1140 4113 graecas
1175 4011 1293 4080 orien-
