<?xml version="1.0" encoding="UTF-8"?>
<!DOCTYPE html PUBLIC "-//W3C//DTD XHTML 1.0 Transitional//EN"
    "http://www.w3.org/TR/xhtml1/DTD/xhtml1-transitional.dtd">
<html xmlns="http://www.w3.org/1999/xhtml" xml:lang="en" lang="en">
 <head>
  <title>
</title>
<meta http-equiv="Content-Type" content="text/html;charset=utf-8" />
  <meta name='ocr-system' content='tesseract 3.04.00' />
  <meta name='ocr-capabilities' content='ocr_page ocr_carea ocr_par ocr_line ocrx_word'/>
</head>
<body>
  <div class='ocr_page' id='page_1' title='image "./corpusscriptoru40theogoog/corpusscriptoru40theogoog_0054.png"; bbox 0 0 3125 4917; ppageno 0'>
   <div class='ocr_carea' id='block_1_1' title="bbox 238 369 1167 439">
    <p class='ocr_par' dir='ltr' id='par_1_1' title="bbox 238 369 1167 439">
     <span class='ocr_line' id='line_1_1' title="bbox 238 369 1167 439; baseline 0.003 -3"><span class='ocrx_word' id='word_1_1' title='bbox 238 376 331 436; x_wconf 71' lang='lat' dir='ltr'><strong>ratu</strong></span> <span class='ocrx_word' id='word_1_2' title='bbox 454 370 508 435; x_wconf 87' lang='lat'><strong>10.</strong></span> <span class='ocrx_word' id='word_1_3' title='bbox 541 372 664 435; x_wconf 82' lang='lat' dir='ltr'>HENR.</span> <span class='ocrx_word' id='word_1_4' title='bbox 694 369 842 435; x_wconf 77' lang='lat' dir='ltr'><strong>Lucan</strong></span> <span class='ocrx_word' id='word_1_5' title='bbox 871 369 1167 439; x_wconf 72' lang='lat' dir='ltr'><strong>commutatio</strong></span> 
     </span>
    </p>
   </div>
   <div class='ocr_carea' id='block_1_2' title="bbox 242 522 1328 941">
    <p class='ocr_par' dir='ltr' id='par_1_2' title="bbox 242 522 1328 941">
     <span class='ocr_line' id='line_1_2' title="bbox 242 522 1324 609; baseline 0.004 -20"><span class='ocrx_word' id='word_1_6' title='bbox 242 528 357 604; x_wconf 78' lang='lat' dir='ltr'><strong>Turni,</strong></span> <span class='ocrx_word' id='word_1_7' title='bbox 379 526 496 605; x_wconf 86' lang='lat' dir='ltr'><strong>Servii,</strong></span> <span class='ocrx_word' id='word_1_8' title='bbox 519 526 682 601; x_wconf 89' lang='lat' dir='ltr'><strong>Chrobati,</strong></span> <span class='ocrx_word' id='word_1_9' title='bbox 712 522 830 587; x_wconf 85' lang='lat' dir='ltr'><strong>validae</strong></span> <span class='ocrx_word' id='word_1_10' title='bbox 850 529 985 589; x_wconf 86' lang='lat' dir='ltr'><strong>nationes</strong></span> <span class='ocrx_word' id='word_1_11' title='bbox 997 574 1007 605; x_wconf 91' lang='lat'><strong>,</strong></span> <span class='ocrx_word' id='word_1_12' title='bbox 1029 530 1086 591; x_wconf 86' lang='lat' dir='ltr'><strong>sibi</strong></span> <span class='ocrx_word' id='word_1_13' title='bbox 1116 528 1324 609; x_wconf 74' lang='lat' dir='ltr'><strong>imminerent,</strong></span> 
     </span>
     <span class='ocr_line' id='line_1_3' title="bbox 244 609 1326 697; baseline 0.003 -26"><span class='ocrx_word' id='word_1_14' title='bbox 244 630 421 690; x_wconf 83' lang='lat' dir='ltr'><strong>summaque</strong></span> <span class='ocrx_word' id='word_1_15' title='bbox 435 622 591 690; x_wconf 84' lang='lat' dir='ltr'><strong>praeterea</strong></span> <span class='ocrx_word' id='word_1_16' title='bbox 611 610 719 670; x_wconf 80' lang='lat' dir='ltr'><strong>caritas</strong></span> <span class='ocrx_word' id='word_1_17' title='bbox 745 630 882 669; x_wconf 88' lang='lat' dir='ltr'><strong>annonae</strong></span> <span class='ocrx_word' id='word_1_18' title='bbox 903 609 1056 689; x_wconf 83' lang='lat' dir='ltr'>incideret,</span> <span class='ocrx_word' id='word_1_19' title='bbox 1080 610 1193 693; x_wconf 85' lang='lat' dir='ltr'><strong>legatos</strong></span> <span class='ocrx_word' id='word_1_20' title='bbox 1220 612 1258 673; x_wconf 91' lang='lat' dir='ltr'><strong>de</strong></span> <span class='ocrx_word' id='word_1_21' title='bbox 1277 636 1326 697; x_wconf 84' lang='lat' dir='ltr'><strong>pa·</strong></span> 
     </span>
     <span class='ocr_line' id='line_1_4' title="bbox 245 693 1327 774; baseline 0.005 -21"><span class='ocrx_word' id='word_1_22' title='bbox 245 716 280 753; x_wconf 84' lang='lat' dir='ltr'><strong>ce</strong></span> <span class='ocrx_word' id='word_1_23' title='bbox 302 693 519 768; x_wconf 88' lang='lat' dir='ltr'><strong>instauranda,</strong></span> <span class='ocrx_word' id='word_1_24' title='bbox 542 693 581 751; x_wconf 90' lang='lat' dir='ltr'><strong>nd</strong></span> <span class='ocrx_word' id='word_1_25' title='bbox 605 694 776 753; x_wconf 83' lang='lat' dir='ltr'><strong>Romanum</strong></span> <span class='ocrx_word' id='word_1_26' title='bbox 806 696 906 768; x_wconf 76' lang='lat' dir='ltr'><strong>misit,</strong></span> <span class='ocrx_word' id='word_1_27' title='bbox 929 704 1023 774; x_wconf 88' lang='lat' dir='ltr'><strong>utque</strong></span> <span class='ocrx_word' id='word_1_28' title='bbox 1047 696 1165 772; x_wconf 88' lang='lat' dir='ltr'><strong>Maria,</strong></span> <span class='ocrx_word' id='word_1_29' title='bbox 1189 695 1327 757; x_wconf 87' lang='lat' dir='ltr'><strong>Christo·</strong></span> 
     </span>
     <span class='ocr_line' id='line_1_5' title="bbox 244 774 1327 857; baseline 0.006 -22"><span class='ocrx_word' id='word_1_30' title='bbox 244 775 333 857; x_wconf 83' lang='lat' dir='ltr'>pheri</span> <span class='ocrx_word' id='word_1_31' title='bbox 364 775 500 834; x_wconf 79' lang='lat' dir='ltr'>Caesaris</span> <span class='ocrx_word' id='word_1_32' title='bbox 525 774 585 833; x_wconf 88' lang='lat' dir='ltr'><strong>sdia</strong></span> <span class='ocrx_word' id='word_1_33' title='bbox 597 821 607 849; x_wconf 93' lang='lat'><strong>,</strong></span> <span class='ocrx_word' id='word_1_34' title='bbox 631 778 662 834; x_wconf 91' lang='lat' dir='ltr'><strong>in</strong></span> <span class='ocrx_word' id='word_1_35' title='bbox 688 795 795 835; x_wconf 84' lang='lat' dir='ltr'><strong>manua</strong></span> <span class='ocrx_word' id='word_1_36' title='bbox 819 774 876 834; x_wconf 88' lang='lat' dir='ltr'><strong>sibi</strong></span> <span class='ocrx_word' id='word_1_37' title='bbox 904 779 1095 851; x_wconf 87' lang='lat' dir='ltr'><strong>conveniret,</strong></span> <span class='ocrx_word' id='word_1_38' title='bbox 1118 780 1246 857; x_wconf 82' lang='lat' dir='ltr'><strong>rogavit.</strong></span> <span class='ocrx_word' id='word_1_39' title='bbox 1286 779 1327 843; x_wconf 78' lang='lat' dir='ltr'><strong>A.</strong></span> 
     </span>
     <span class='ocr_line' id='line_1_6' title="bbox 243 856 1328 941; baseline 0.005 -24"><span class='ocrx_word' id='word_1_40' title='bbox 243 856 317 935; x_wconf 65' lang='lat'><strong>04²·</strong></span> <span class='ocrx_word' id='word_1_41' title='bbox 358 858 385 915; x_wconf 85' lang='lat' dir='ltr'><strong>T</strong></span> <span class='ocrx_word' id='word_1_42' title='bbox 388 878 439 915; x_wconf 93' lang='lat' dir='ltr'><strong>um</strong></span> <span class='ocrx_word' id='word_1_43' title='bbox 453 878 520 938; x_wconf 86' lang='lat' dir='ltr'><strong>spes</strong></span> <span class='ocrx_word' id='word_1_44' title='bbox 541 856 657 917; x_wconf 91' lang='lat' dir='ltr'><strong>obiecta</strong></span> <span class='ocrx_word' id='word_1_45' title='bbox 673 866 717 917; x_wconf 87' lang='lat' dir='ltr'><strong>est</strong></span> <span class='ocrx_word' id='word_1_46' title='bbox 731 856 949 938; x_wconf 83' lang='lat' dir='ltr'><strong>Clnistophoro</strong></span> <span class='ocrx_word' id='word_1_47' title='bbox 972 858 1092 933; x_wconf 62' lang='lat' dir='ltr'><strong>mundi</strong></span> <span class='ocrx_word' id='word_1_48' title='bbox 1115 881 1134 920; x_wconf 87' lang='lat' dir='ltr'><strong>a</strong></span> <span class='ocrx_word' id='word_1_49' title='bbox 1156 870 1242 941; x_wconf 86' lang='lat' dir='ltr'><strong>patre</strong></span> <span class='ocrx_word' id='word_1_50' title='bbox 1258 859 1328 937; x_wconf 93' lang='lat' dir='ltr'><strong>loci,</strong></span> 
     </span>
    </p>
   </div>
   <div class='ocr_carea' id='block_1_3' title="bbox 241 926 1332 2255">
    <p class='ocr_par' dir='ltr' id='par_1_3' title="bbox 241 926 1332 1927">
     <span class='ocr_line' id='line_1_7' title="bbox 244 926 1328 1021; baseline 0.003 -21"><span class='ocrx_word' id='word_1_51' title='bbox 244 926 506 1021; x_wconf 78' lang='lat' dir='ltr'><strong>l&#39;orphyrogenito</strong></span> <span class='ocrx_word' id='word_1_52' title='bbox 526 939 671 1020; x_wconf 85' lang='lat' dir='ltr'><strong>quiequid</strong></span> <span class='ocrx_word' id='word_1_53' title='bbox 694 960 728 1000; x_wconf 82' lang='lat' dir='ltr'><strong>ex</strong></span> <span class='ocrx_word' id='word_1_54' title='bbox 755 942 837 999; x_wconf 78' lang='lat' dir='ltr'><strong>avita</strong></span> <span class='ocrx_word' id='word_1_55' title='bbox 864 941 1018 999; x_wconf 88' lang='lat' dir='ltr'><strong>maiestate</strong></span> <span class='ocrx_word' id='word_1_56' title='bbox 1043 952 1195 1021; x_wconf 78' lang='lat' dir='ltr'><strong>supererat</strong></span> <span class='ocrx_word' id='word_1_57' title='bbox 1224 941 1328 1003; x_wconf 88' lang='lat' dir='ltr'><strong>adem·</strong></span> 
     </span>
     <span class='ocr_line' id='line_1_8' title="bbox 242 1020 1326 1101; baseline 0.002 -19"><span class='ocrx_word' id='word_1_58' title='bbox 242 1033 308 1083; x_wconf 90' lang='lat' dir='ltr'><strong>tum</strong></span> <span class='ocrx_word' id='word_1_59' title='bbox 319 1024 354 1099; x_wconf 86' lang='lat'><strong>¹).</strong></span> <span class='ocrx_word' id='word_1_60' title='bbox 369 1022 451 1082; x_wconf 83' lang='lat' dir='ltr'><strong>llaec</strong></span> <span class='ocrx_word' id='word_1_61' title='bbox 460 1022 542 1081; x_wconf 93' lang='lat' dir='ltr'><strong>domi</strong></span> <span class='ocrx_word' id='word_1_62' title='bbox 551 1022 612 1081; x_wconf 84' lang='lat' dir='ltr'><strong>sere</strong></span> <span class='ocrx_word' id='word_1_63' title='bbox 624 1044 659 1081; x_wconf 88' lang='lat' dir='ltr'><strong>ea</strong></span> <span class='ocrx_word' id='word_1_64' title='bbox 670 1030 767 1083; x_wconf 88' lang='lat' dir='ltr'><strong>aetate</strong></span> <span class='ocrx_word' id='word_1_65' title='bbox 782 1033 864 1100; x_wconf 88' lang='lat' dir='ltr'><strong>gesta</strong></span> <span class='ocrx_word' id='word_1_66' title='bbox 875 1034 954 1085; x_wconf 87' lang='lat' dir='ltr'><strong>sunt.</strong></span> <span class='ocrx_word' id='word_1_67' title='bbox 973 1020 1164 1084; x_wconf 85' lang='lat' dir='ltr'><strong>Pauloantea</strong></span> <span class='ocrx_word' id='word_1_68' title='bbox 1173 1022 1326 1101; x_wconf 79' lang='lat' dir='ltr'><strong>Melitene,</strong></span> 
     </span>
     <span class='ocr_line' id='line_1_9' title="bbox 244 1102 1329 1185; baseline 0.004 -22"><span class='ocrx_word' id='word_1_69' title='bbox 244 1115 338 1174; x_wconf 56' lang='lat' dir='ltr'><strong>vetus,</strong></span> <span class='ocrx_word' id='word_1_70' title='bbox 354 1125 388 1163; x_wconf 89' lang='lat' dir='ltr'><strong>ne</strong></span> <span class='ocrx_word' id='word_1_71' title='bbox 412 1104 521 1164; x_wconf 90' lang='lat' dir='ltr'><strong>nobilis</strong></span> <span class='ocrx_word' id='word_1_72' title='bbox 543 1104 582 1163; x_wconf 85' lang='lat' dir='ltr'><strong>ad</strong></span> <span class='ocrx_word' id='word_1_73' title='bbox 609 1105 798 1185; x_wconf 74' lang='lat' dir='ltr'><strong>Euphratem</strong></span> <span class='ocrx_word' id='word_1_74' title='bbox 826 1104 920 1179; x_wconf 86' lang='lat' dir='ltr'><strong>urbs,</strong></span> <span class='ocrx_word' id='word_1_75' title='bbox 952 1102 1115 1165; x_wconf 80' lang='lat' dir='ltr'><strong>Armeniae</strong></span> <span class='ocrx_word' id='word_1_76' title='bbox 1142 1106 1289 1165; x_wconf 88' lang='lat' dir='ltr'><strong>secundae</strong></span> <span class='ocrx_word' id='word_1_77' title='bbox 1310 1129 1329 1167; x_wconf 89' lang='lat' dir='ltr'><strong>o</strong></span> 
     </span>
     <span class='ocr_line' id='line_1_10' title="bbox 243 1184 1330 1267; baseline 0.004 -22"><span class='ocrx_word' id='word_1_78' title='bbox 243 1187 408 1247; x_wconf 88' lang='lat' dir='ltr'><strong>Iustiniano</strong></span> <span class='ocrx_word' id='word_1_79' title='bbox 429 1186 601 1261; x_wconf 71' lang='lat' dir='ltr'><strong>adsignata,</strong></span> <span class='ocrx_word' id='word_1_80' title='bbox 623 1197 743 1267; x_wconf 87' lang='lat' dir='ltr'><strong>recepta</strong></span> <span class='ocrx_word' id='word_1_81' title='bbox 763 1196 808 1245; x_wconf 87' lang='lat' dir='ltr'><strong>est</strong></span> <span class='ocrx_word' id='word_1_82' title='bbox 827 1184 865 1261; x_wconf 78' lang='lat'><strong>²).</strong></span> <span class='ocrx_word' id='word_1_83' title='bbox 907 1186 969 1244; x_wconf 91' lang='lat' dir='ltr'><strong>Diu</strong></span> <span class='ocrx_word' id='word_1_84' title='bbox 989 1186 1154 1247; x_wconf 87' lang='lat' dir='ltr'><strong>subiectam</strong></span> <span class='ocrx_word' id='word_1_85' title='bbox 1175 1188 1330 1249; x_wconf 63' lang='lat' dir='ltr'><strong>&amp;aaronis</strong></span> 
     </span>
     <span class='ocr_line' id='line_1_11' title="bbox 244 1266 1329 1349; baseline 0.002 -22"><span class='ocrx_word' id='word_1_86' title='bbox 244 1270 461 1329; x_wconf 85' lang='lat' dir='ltr'><strong>Constantinus</strong></span> <span class='ocrx_word' id='word_1_87' title='bbox 483 1270 694 1349; x_wconf 85' lang='lat' dir='ltr'><strong>Coprouymus</strong></span> <span class='ocrx_word' id='word_1_88' title='bbox 715 1266 789 1327; x_wconf 91' lang='lat' dir='ltr'><strong>olim</strong></span> <span class='ocrx_word' id='word_1_89' title='bbox 807 1280 1031 1349; x_wconf 56' lang='lat' dir='ltr'><strong>occupaverat„</strong></span> <span class='ocrx_word' id='word_1_90' title='bbox 1064 1271 1096 1327; x_wconf 91' lang='lat' dir='ltr'><strong>in</strong></span> <span class='ocrx_word' id='word_1_91' title='bbox 1116 1269 1260 1349; x_wconf 67' lang='lat' dir='ltr'><strong>obsequio</strong></span> <span class='ocrx_word' id='word_1_92' title='bbox 1280 1282 1329 1330; x_wconf 87' lang='lat' dir='ltr'><strong>te-</strong></span> 
     </span>
     <span class='ocr_line' id='line_1_12' title="bbox 241 1348 1330 1431; baseline -0.001 -20"><span class='ocrx_word' id='word_1_93' title='bbox 241 1372 315 1411; x_wconf 84' lang='lat' dir='ltr'><strong>nere</strong></span> <span class='ocrx_word' id='word_1_94' title='bbox 338 1371 399 1410; x_wconf 88' lang='lat' dir='ltr'><strong>non</strong></span> <span class='ocrx_word' id='word_1_95' title='bbox 419 1360 558 1431; x_wconf 88' lang='lat' dir='ltr'><strong>potuerat</strong></span> <span class='ocrx_word' id='word_1_96' title='bbox 578 1350 615 1425; x_wconf 77' lang='lat'><strong>³).</strong></span> <span class='ocrx_word' id='word_1_97' title='bbox 673 1351 800 1410; x_wconf 89' lang='lat' dir='ltr'><strong>loannes</strong></span> <span class='ocrx_word' id='word_1_98' title='bbox 822 1350 977 1425; x_wconf 88' lang='lat' dir='ltr'><strong>Cureuos,</strong></span> <span class='ocrx_word' id='word_1_99' title='bbox 992 1350 1160 1431; x_wconf 79' lang='lat' dir='ltr'><strong>praefectus</strong></span> <span class='ocrx_word' id='word_1_100' title='bbox 1174 1348 1330 1428; x_wconf 86' lang='lat' dir='ltr'><strong>rnilitum,</strong></span> 
     </span>
     <span class='ocr_line' id='line_1_13' title="bbox 243 1431 1330 1514; baseline 0.001 -22"><span class='ocrx_word' id='word_1_101' title='bbox 243 1436 295 1513; x_wconf 89' lang='lat' dir='ltr'><strong>qui</strong></span> <span class='ocrx_word' id='word_1_102' title='bbox 319 1452 375 1514; x_wconf 90' lang='lat' dir='ltr'><strong>per</strong></span> <span class='ocrx_word' id='word_1_103' title='bbox 395 1432 515 1514; x_wconf 84' lang='lat' dir='ltr'><strong>Syriam</strong></span> <span class='ocrx_word' id='word_1_104' title='bbox 538 1433 647 1492; x_wconf 86' lang='lat' dir='ltr'><strong>stativa</strong></span> <span class='ocrx_word' id='word_1_105' title='bbox 673 1431 846 1510; x_wconf 87' lang='lat' dir='ltr'><strong>habebant,</strong></span> <span class='ocrx_word' id='word_1_106' title='bbox 873 1432 1030 1493; x_wconf 86' lang='lat' dir='ltr'><strong>obsidione</strong></span> <span class='ocrx_word' id='word_1_107' title='bbox 1052 1431 1141 1514; x_wconf 82' lang='lat' dir='ltr'><strong>longa</strong></span> <span class='ocrx_word' id='word_1_108' title='bbox 1163 1443 1194 1492; x_wconf 94' lang='lat' dir='ltr'><strong>et</strong></span> <span class='ocrx_word' id='word_1_109' title='bbox 1216 1432 1330 1493; x_wconf 80' lang='lat' dir='ltr'><strong>difficili</strong></span> 
     </span>
     <span class='ocr_line' id='line_1_14' title="bbox 241 1513 1330 1595; baseline 0 -20"><span class='ocrx_word' id='word_1_110' title='bbox 241 1518 384 1590; x_wconf 89' lang='lat' dir='ltr'><strong>cinctam,</strong></span> <span class='ocrx_word' id='word_1_111' title='bbox 405 1518 438 1573; x_wconf 89' lang='lat' dir='ltr'><strong>iu</strong></span> <span class='ocrx_word' id='word_1_112' title='bbox 461 1514 607 1574; x_wconf 87' lang='lat' dir='ltr'><strong>ditionem</strong></span> <span class='ocrx_word' id='word_1_113' title='bbox 634 1513 767 1595; x_wconf 77' lang='lat' dir='ltr'><strong>redegit,</strong></span> <span class='ocrx_word' id='word_1_114' title='bbox 789 1525 819 1575; x_wconf 91' lang='lat' dir='ltr'><strong>et</strong></span> <span class='ocrx_word' id='word_1_115' title='bbox 838 1525 942 1595; x_wconf 90' lang='lat' dir='ltr'><strong>postea</strong></span> <span class='ocrx_word' id='word_1_116' title='bbox 966 1518 1078 1581; x_wconf 85' lang='lat' dir='ltr'><strong>civium</strong></span> <span class='ocrx_word' id='word_1_117' title='bbox 1100 1513 1210 1575; x_wconf 77' lang='lat' dir='ltr'><strong>auxilio</strong></span> <span class='ocrx_word' id='word_1_118' title='bbox 1236 1517 1330 1575; x_wconf 74' lang='lat' dir='ltr'><strong>siniti·</strong></span> 
     </span>
     <span class='ocr_line' id='line_1_15' title="bbox 241 1596 1332 1678; baseline 0 -21"><span class='ocrx_word' id='word_1_119' title='bbox 241 1600 300 1657; x_wconf 90' lang='lat' dir='ltr'><strong>mis</strong></span> <span class='ocrx_word' id='word_1_120' title='bbox 329 1597 468 1678; x_wconf 88' lang='lat' dir='ltr'><strong>gentibus</strong></span> <span class='ocrx_word' id='word_1_121' title='bbox 492 1599 620 1671; x_wconf 84' lang='lat' dir='ltr'><strong>attritis,</strong></span> <span class='ocrx_word' id='word_1_122' title='bbox 649 1597 793 1678; x_wconf 88' lang='lat' dir='ltr'><strong>praedam</strong></span> <span class='ocrx_word' id='word_1_123' title='bbox 823 1598 991 1677; x_wconf 79' lang='lat' dir='ltr'><strong>insignem,</strong></span> <span class='ocrx_word' id='word_1_124' title='bbox 1015 1600 1172 1678; x_wconf 89' lang='lat' dir='ltr'><strong>captivos,</strong></span> <span class='ocrx_word' id='word_1_125' title='bbox 1198 1596 1332 1678; x_wconf 88' lang='lat' dir='ltr'><strong>bellique</strong></span> 
     </span>
     <span class='ocr_line' id='line_1_16' title="bbox 241 1678 1330 1760; baseline -0.001 -21"><span class='ocrx_word' id='word_1_126' title='bbox 241 1679 369 1741; x_wconf 83' lang='lat' dir='ltr'><strong>confecti</strong></span> <span class='ocrx_word' id='word_1_127' title='bbox 391 1678 502 1739; x_wconf 82' lang='lat' dir='ltr'><strong>famam</strong></span> <span class='ocrx_word' id='word_1_128' title='bbox 525 1679 649 1738; x_wconf 89' lang='lat' dir='ltr'><strong>domum</strong></span> <span class='ocrx_word' id='word_1_129' title='bbox 670 1681 851 1759; x_wconf 86' lang='lat' dir='ltr'><strong>reportavit.</strong></span> <span class='ocrx_word' id='word_1_130' title='bbox 894 1678 1013 1738; x_wconf 90' lang='lat' dir='ltr'><strong>Urbem</strong></span> <span class='ocrx_word' id='word_1_131' title='bbox 1034 1691 1065 1739; x_wconf 91' lang='lat' dir='ltr'><strong>et</strong></span> <span class='ocrx_word' id='word_1_132' title='bbox 1090 1679 1236 1760; x_wconf 89' lang='lat' dir='ltr'><strong>quicquid</strong></span> <span class='ocrx_word' id='word_1_133' title='bbox 1261 1680 1330 1739; x_wconf 81' lang='lat' dir='ltr'><strong>fini·</strong></span> 
     </span>
     <span class='ocr_line' id='line_1_17' title="bbox 244 1758 1329 1843; baseline 0 -22"><span class='ocrx_word' id='word_1_134' title='bbox 244 1765 310 1821; x_wconf 86' lang='lat' dir='ltr'><strong>timi</strong></span> <span class='ocrx_word' id='word_1_135' title='bbox 333 1764 397 1843; x_wconf 81' lang='lat' dir='ltr'><strong>agri</strong></span> <span class='ocrx_word' id='word_1_136' title='bbox 418 1772 486 1837; x_wconf 85' lang='lat' dir='ltr'><strong>est,</strong></span> <span class='ocrx_word' id='word_1_137' title='bbox 507 1762 539 1819; x_wconf 92' lang='lat' dir='ltr'><strong>in</strong></span> <span class='ocrx_word' id='word_1_138' title='bbox 568 1764 784 1842; x_wconf 79' lang='lat' dir='ltr'><strong>provinciam,</strong></span> <span class='ocrx_word' id='word_1_139' title='bbox 812 1780 903 1843; x_wconf 86' lang='lat' dir='ltr'><strong>quam</strong></span> <span class='ocrx_word' id='word_1_140' title='bbox 928 1758 1136 1823; x_wconf 82' lang='lat' dir='ltr'><strong>Curatoriam</strong></span> <span class='ocrx_word' id='word_1_141' title='bbox 1160 1772 1329 1841; x_wconf 86' lang='lat' dir='ltr'><strong>vocarunt,</strong></span> 
     </span>
     <span class='ocr_line' id='line_1_18' title="bbox 244 1844 644 1927; baseline 0.005 -24"><span class='ocrx_word' id='word_1_142' title='bbox 244 1844 413 1927; x_wconf 84' lang='lat' dir='ltr'><strong>Imperator</strong></span> <span class='ocrx_word' id='word_1_143' title='bbox 434 1844 590 1924; x_wconf 85' lang='lat' dir='ltr'><strong>descripsit</strong></span> <span class='ocrx_word' id='word_1_144' title='bbox 611 1845 644 1917; x_wconf 73' lang='lat'><strong>⁴).</strong></span> 
     </span>
    </p>

    <p class='ocr_par' dir='ltr' id='par_1_4' title="bbox 241 1923 1332 2255">
     <span class='ocr_line' id='line_1_19' title="bbox 324 1923 1330 2008; baseline -0.002 -21"><span class='ocrx_word' id='word_1_145' title='bbox 324 1928 379 1989; x_wconf 92' lang='lat' dir='ltr'><strong>Vl.</strong></span> <span class='ocrx_word' id='word_1_146' title='bbox 420 1926 484 1986; x_wconf 87' lang='lat' dir='ltr'><strong>Sub</strong></span> <span class='ocrx_word' id='word_1_147' title='bbox 514 1925 594 1985; x_wconf 88' lang='lat' dir='ltr'><strong>idem</strong></span> <span class='ocrx_word' id='word_1_148' title='bbox 615 1926 677 1987; x_wconf 85' lang='lat' dir='ltr'><strong>sere</strong></span> <span class='ocrx_word' id='word_1_149' title='bbox 698 1936 818 2007; x_wconf 87' lang='lat' dir='ltr'><strong>tempus</strong></span> <span class='ocrx_word' id='word_1_150' title='bbox 841 1924 922 1985; x_wconf 88' lang='lat' dir='ltr'><strong>bella</strong></span> <span class='ocrx_word' id='word_1_151' title='bbox 955 1923 1087 2008; x_wconf 88' lang='lat' dir='ltr'><strong>plurima</strong></span> <span class='ocrx_word' id='word_1_152' title='bbox 1116 1924 1190 1984; x_wconf 86' lang='lat' dir='ltr'><strong>fines</strong></span> <span class='ocrx_word' id='word_1_153' title='bbox 1211 1926 1330 2004; x_wconf 85' lang='lat' dir='ltr'><strong>imperii</strong></span> 
     </span>
     <span class='ocr_line' id='line_1_20' title="bbox 241 2006 1330 2090; baseline -0.004 -19"><span class='ocrx_word' id='word_1_154' title='bbox 241 2020 425 2071; x_wconf 89' lang='lat' dir='ltr'><strong>terruerunt.</strong></span> <span class='ocrx_word' id='word_1_155' title='bbox 466 2008 545 2068; x_wconf 89' lang='lat' dir='ltr'><strong>Nam</strong></span> <span class='ocrx_word' id='word_1_156' title='bbox 565 2020 594 2068; x_wconf 87' lang='lat' dir='ltr'><strong>et</strong></span> <span class='ocrx_word' id='word_1_157' title='bbox 621 2007 770 2088; x_wconf 79' lang='lat' dir='ltr'><strong>Scythae,</strong></span> <span class='ocrx_word' id='word_1_158' title='bbox 787 2008 950 2089; x_wconf 83' lang='lat' dir='ltr'><strong>Strymone</strong></span> <span class='ocrx_word' id='word_1_159' title='bbox 972 2017 1134 2090; x_wconf 84' lang='lat' dir='ltr'><strong>superato,</strong></span> <span class='ocrx_word' id='word_1_160' title='bbox 1156 2006 1330 2087; x_wconf 89' lang='lat' dir='ltr'><strong>Nicopolin,</strong></span> 
     </span>
     <span class='ocr_line' id='line_1_21' title="bbox 242 2089 1332 2171; baseline -0.006 -14"><span class='ocrx_word' id='word_1_161' title='bbox 242 2093 374 2157; x_wconf 78' lang='lat' dir='ltr'><strong>validam</strong></span> <span class='ocrx_word' id='word_1_162' title='bbox 402 2090 527 2165; x_wconf 90' lang='lat' dir='ltr'><strong>urbem,</strong></span> <span class='ocrx_word' id='word_1_163' title='bbox 559 2090 689 2171; x_wconf 75' lang='lat' dir='ltr'><strong>Augusti</strong></span> <span class='ocrx_word' id='word_1_164' title='bbox 715 2094 842 2151; x_wconf 84' lang='lat' dir='ltr'><strong>victoria</strong></span> <span class='ocrx_word' id='word_1_165' title='bbox 868 2089 1020 2163; x_wconf 89' lang='lat' dir='ltr'><strong>nobilem,</strong></span> <span class='ocrx_word' id='word_1_166' title='bbox 1056 2101 1264 2169; x_wconf 89' lang='lat' dir='ltr'><strong>occuparunt,</strong></span> <span class='ocrx_word' id='word_1_167' title='bbox 1300 2101 1332 2150; x_wconf 87' lang='lat' dir='ltr'><strong>et</strong></span> 
     </span>
     <span class='ocr_line' id='line_1_22' title="bbox 243 2171 1327 2255; baseline -0.005 -19"><span class='ocrx_word' id='word_1_168' title='bbox 243 2176 358 2254; x_wconf 81' lang='lat' dir='ltr'><strong>Tusci,</strong></span> <span class='ocrx_word' id='word_1_169' title='bbox 389 2176 440 2253; x_wconf 85' lang='lat' dir='ltr'><strong>qni</strong></span> <span class='ocrx_word' id='word_1_170' title='bbox 466 2184 496 2235; x_wconf 90' lang='lat' dir='ltr'><strong>et</strong></span> <span class='ocrx_word' id='word_1_171' title='bbox 524 2173 603 2254; x_wconf 80' lang='lat' dir='ltr'><strong>Ugri</strong></span> <span class='ocrx_word' id='word_1_172' title='bbox 624 2174 669 2250; x_wconf 75' lang='lat'><strong>⁵),</strong></span> <span class='ocrx_word' id='word_1_173' title='bbox 694 2195 712 2232; x_wconf 91' lang='lat' dir='ltr'><strong>a</strong></span> <span class='ocrx_word' id='word_1_174' title='bbox 739 2176 942 2255; x_wconf 81' lang='lat' dir='ltr'><strong>soptmtrione</strong></span> <span class='ocrx_word' id='word_1_175' title='bbox 976 2171 1163 2249; x_wconf 88' lang='lat' dir='ltr'><strong>Thraciam,</strong></span> <span class='ocrx_word' id='word_1_176' title='bbox 1184 2171 1327 2253; x_wconf 77' lang='lat' dir='ltr'><strong>Byzanti·</strong></span> 
     </span>
    </p>
   </div>
   <div class='ocr_carea' id='block_1_4' title="bbox 267 2317 1337 4264">
    <p class='ocr_par' dir='ltr' id='par_1_5' title="bbox 311 2317 1333 2457">
     <span class='ocr_line' id='line_1_23' title="bbox 312 2317 1333 2389; baseline -0.004 -16"><span class='ocrx_word' id='word_1_177' title='bbox 312 2339 345 2373; x_wconf 83' lang='lat' dir='ltr'><strong>ex</strong></span> <span class='ocrx_word' id='word_1_178' title='bbox 363 2321 448 2373; x_wconf 88' lang='lat' dir='ltr'><strong>altera</strong></span> <span class='ocrx_word' id='word_1_179' title='bbox 467 2337 552 2371; x_wconf 76' lang='lat' dir='ltr'><strong>uxore</strong></span> <span class='ocrx_word' id='word_1_180' title='bbox 570 2326 733 2387; x_wconf 84' lang='lat' dir='ltr'><strong>susceperat,</strong></span> <span class='ocrx_word' id='word_1_181' title='bbox 751 2317 899 2383; x_wconf 82' lang='lat' dir='ltr'><strong>Michat&#39;de,</strong></span> <span class='ocrx_word' id='word_1_182' title='bbox 923 2318 1010 2389; x_wconf 89' lang='lat' dir='ltr'><strong>primo</strong></span> <span class='ocrx_word' id='word_1_183' title='bbox 1030 2317 1090 2370; x_wconf 87' lang='lat' dir='ltr'><strong>loco</strong></span> <span class='ocrx_word' id='word_1_184' title='bbox 1108 2327 1185 2382; x_wconf 87' lang='lat' dir='ltr'><strong>nato,</strong></span> <span class='ocrx_word' id='word_1_185' title='bbox 1201 2320 1256 2370; x_wconf 91' lang='lat' dir='ltr'><strong>ritu</strong></span> <span class='ocrx_word' id='word_1_186' title='bbox 1273 2334 1333 2370; x_wconf 85' lang='lat' dir='ltr'><strong>mo-</strong></span> 
     </span>
     <span class='ocr_line' id='line_1_24' title="bbox 311 2388 978 2457; baseline -0.007 -13"><span class='ocrx_word' id='word_1_187' title='bbox 311 2390 460 2444; x_wconf 88' lang='lat' dir='ltr'><strong>nachorum</strong></span> <span class='ocrx_word' id='word_1_188' title='bbox 485 2399 570 2443; x_wconf 87' lang='lat' dir='ltr'><strong>tonso.</strong></span> <span class='ocrx_word' id='word_1_189' title='bbox 609 2388 727 2440; x_wconf 88' lang='lat' dir='ltr'><strong>Simeon.</strong></span> <span class='ocrx_word' id='word_1_190' title='bbox 753 2388 866 2457; x_wconf 81' lang='lat' dir='ltr'><strong>Logoth.</strong></span> <span class='ocrx_word' id='word_1_191' title='bbox 889 2406 915 2457; x_wconf 88' lang='lat' dir='ltr'><strong>p.</strong></span> <span class='ocrx_word' id='word_1_192' title='bbox 936 2391 978 2455; x_wconf 71' lang='lat'><strong>46.</strong></span> 
     </span>
    </p>

    <p class='ocr_par' dir='ltr' id='par_1_6' title="bbox 267 2455 1337 4264">
     <span class='ocr_line' id='line_1_25' title="bbox 267 2455 1333 2533; baseline -0.008 -18"><span class='ocrx_word' id='word_1_193' title='bbox 267 2464 291 2533; x_wconf 88' lang='grc' dir='ltr'><strong>ι)</strong></span> <span class='ocrx_word' id='word_1_194' title='bbox 308 2460 416 2531; x_wconf 79' lang='lat' dir='ltr'><strong>llnlgari</strong></span> <span class='ocrx_word' id='word_1_195' title='bbox 431 2460 537 2512; x_wconf 79' lang='lat' dir='ltr'><strong>scilicet</strong></span> <span class='ocrx_word' id='word_1_196' title='bbox 552 2459 579 2511; x_wconf 89' lang='lat' dir='ltr'><strong>id</strong></span> <span class='ocrx_word' id='word_1_197' title='bbox 588 2458 657 2527; x_wconf 79' lang='lat' dir='ltr'><strong>llega</strong></span> <span class='ocrx_word' id='word_1_198' title='bbox 673 2466 809 2529; x_wconf 75' lang='lat' dir='ltr'><strong>genteque</strong></span> <span class='ocrx_word' id='word_1_199' title='bbox 820 2476 868 2509; x_wconf 85' lang='lat' dir='ltr'><strong>sua</strong></span> <span class='ocrx_word' id='word_1_200' title='bbox 886 2457 1029 2527; x_wconf 77' lang='lat' dir='ltr'><strong>indignum</strong></span> <span class='ocrx_word' id='word_1_201' title='bbox 1046 2455 1290 2527; x_wconf 85' lang='lat' dir='ltr'><strong>iudicantes,qnod</strong></span> <span class='ocrx_word' id='word_1_202' title='bbox 1304 2456 1333 2506; x_wconf 89' lang='lat' dir='ltr'><strong>in</strong></span> 
     </span>
     <span class='ocr_line' id='line_1_26' title="bbox 316 2523 1331 2598; baseline -0.008 -17"><span class='ocrx_word' id='word_1_203' title='bbox 316 2532 475 2583; x_wconf 88' lang='lat' dir='ltr'><strong>solennibus</strong></span> <span class='ocrx_word' id='word_1_204' title='bbox 489 2530 584 2598; x_wconf 87' lang='lat' dir='ltr'><strong>populi</strong></span> <span class='ocrx_word' id='word_1_205' title='bbox 602 2528 861 2587; x_wconf 78' lang='lat' dir='ltr'><strong>acclamationibus,</strong></span> <span class='ocrx_word' id='word_1_206' title='bbox 884 2529 1066 2578; x_wconf 87' lang='lat' dir='ltr'><strong>Constantino</strong></span> <span class='ocrx_word' id='word_1_207' title='bbox 1087 2530 1217 2593; x_wconf 88' lang='lat' dir='ltr'><strong>primum,</strong></span> <span class='ocrx_word' id='word_1_208' title='bbox 1231 2523 1331 2577; x_wconf 87' lang='lat' dir='ltr'><strong>deinde</strong></span> 
     </span>
     <span class='ocr_line' id='line_1_27' title="bbox 315 2594 1332 2668; baseline -0.009 -18"><span class='ocrx_word' id='word_1_209' title='bbox 315 2599 513 2668; x_wconf 74' lang='lat' dir='ltr'><strong>christophoro</strong></span> <span class='ocrx_word' id='word_1_210' title='bbox 526 2600 612 2655; x_wconf 85' lang='lat' dir='ltr'><strong>honos</strong></span> <span class='ocrx_word' id='word_1_211' title='bbox 626 2598 786 2657; x_wconf 83' lang='lat' dir='ltr'><strong>haberetur,</strong></span> <span class='ocrx_word' id='word_1_212' title='bbox 804 2597 884 2646; x_wconf 81' lang='lat' dir='ltr'><strong>facite</strong></span> <span class='ocrx_word' id='word_1_213' title='bbox 902 2613 917 2645; x_wconf 91' lang='lat' dir='ltr'><strong>a</strong></span> <span class='ocrx_word' id='word_1_214' title='bbox 932 2594 1067 2655; x_wconf 76' lang='lat' dir='ltr'><strong>Romano,</strong></span> <span class='ocrx_word' id='word_1_215' title='bbox 1084 2595 1239 2645; x_wconf 77' lang='lat' dir='ltr'><strong>utmutatio</strong></span> <span class='ocrx_word' id='word_1_216' title='bbox 1250 2594 1332 2662; x_wconf 82' lang='lat' dir='ltr'><strong>prisci</strong></span> 
     </span>
     <span class='ocr_line' id='line_1_28' title="bbox 314 2662 1333 2747; baseline -0.006 -28"><span class='ocrx_word' id='word_1_217' title='bbox 314 2670 398 2719; x_wconf 79' lang='lat' dir='ltr'><strong>tnesis</strong></span> <span class='ocrx_word' id='word_1_218' title='bbox 421 2670 508 2725; x_wconf 84' lang='lat' dir='ltr'><strong>tieret,</strong></span> <span class='ocrx_word' id='word_1_219' title='bbox 527 2670 713 2733; x_wconf 85' lang='lat' dir='ltr'><strong>irnpetra&#39;rnnt.</strong></span> <span class='ocrx_word' id='word_1_220' title='bbox 777 2664 804 2747; x_wconf 73' lang='lat' dir='ltr'><strong>a)</strong></span> <span class='ocrx_word' id='word_1_221' title='bbox 821 2662 978 2732; x_wconf 77' lang='grc' dir='ltr'><strong>Ἐπίσημον</strong></span> <span class='ocrx_word' id='word_1_222' title='bbox 998 2665 1047 2713; x_wconf 76' lang='grc' dir='ltr'><strong>καὶ</strong></span> <span class='ocrx_word' id='word_1_223' title='bbox 1066 2662 1256 2723; x_wconf 73' lang='grc' dir='ltr'><strong><em>ἐξάκουστον,</em></strong></span> <span class='ocrx_word' id='word_1_224' title='bbox 1283 2664 1333 2713; x_wconf 79' lang='lat' dir='ltr'><strong>sud</strong></span> 
     </span>
     <span class='ocr_line' id='line_1_29' title="bbox 313 2724 1333 2806; baseline -0.008 -18"><span class='ocrx_word' id='word_1_225' title='bbox 313 2736 391 2789; x_wconf 76' lang='lat' dir='ltr'><strong>urire</strong></span> <span class='ocrx_word' id='word_1_226' title='bbox 416 2726 525 2806; x_wconf 72' lang='grc' dir='ltr'><strong><em>ὀχυρὸν</em></strong></span> <span class='ocrx_word' id='word_1_227' title='bbox 543 2738 589 2785; x_wconf 73' lang='grc' dir='ltr'><strong>καὶ</strong></span> <span class='ocrx_word' id='word_1_228' title='bbox 614 2724 739 2785; x_wconf 69' lang='lat' dir='ltr'><strong>‹tovaro&#39;r</strong></span> <span class='ocrx_word' id='word_1_229' title='bbox 763 2747 888 2801; x_wconf 74' lang='grc' dir='ltr'><strong>κασιρον</strong></span> <span class='ocrx_word' id='word_1_230' title='bbox 905 2735 954 2795; x_wconf 69' lang='grc' dir='ltr'><strong>τῆς</strong></span> <span class='ocrx_word' id='word_1_231' title='bbox 976 2734 1084 2801; x_wconf 73' lang='grc' dir='ltr'><strong><em>Συρίας</em></strong></span> <span class='ocrx_word' id='word_1_232' title='bbox 1101 2742 1180 2785; x_wconf 81' lang='lat' dir='ltr'><strong>rorat</strong></span> <span class='ocrx_word' id='word_1_233' title='bbox 1205 2731 1333 2800; x_wconf 84' lang='lat' dir='ltr'><strong>Tbeoph,</strong></span> 
     </span>
     <span class='ocr_line' id='line_1_30' title="bbox 314 2801 1335 2871; baseline -0.006 -13"><span class='ocrx_word' id='word_1_234' title='bbox 314 2807 426 2859; x_wconf 84' lang='lat' dir='ltr'><strong>Contio.</strong></span> <span class='ocrx_word' id='word_1_235' title='bbox 464 2806 549 2858; x_wconf 52' lang='lat' dir='ltr'><strong>‚aaa</strong></span> <span class='ocrx_word' id='word_1_236' title='bbox 586 2804 665 2855; x_wconf 79' lang='lat' dir='ltr'><strong>Cous,</strong></span> <span class='ocrx_word' id='word_1_237' title='bbox 687 2801 1062 2871; x_wconf 78' lang='lat' dir='ltr'><strong>Paginsadan.927.Vlll.</strong></span> <span class='ocrx_word' id='word_1_238' title='bbox 1099 2802 1335 2853; x_wconf 78' lang='lat' dir='ltr'><strong>Notnsesthea·</strong></span> 
     </span>
     <span class='ocr_line' id='line_1_31' title="bbox 314 2824 1333 2990; baseline -0.006 -64"><span class='ocrx_word' id='word_1_239' title='bbox 314 2878 371 2927; x_wconf 85' lang='lat' dir='ltr'><strong>cius</strong></span> <span class='ocrx_word' id='word_1_240' title='bbox 398 2824 566 2926; x_wconf 68' lang='lat' dir='ltr'><strong>Malatierriis</strong></span> <span class='ocrx_word' id='word_1_241' title='bbox 600 2873 758 2941; x_wconf 85' lang='lat' dir='ltr'><strong>episcopus,</strong></span> <span class='ocrx_word' id='word_1_242' title='bbox 791 2870 960 2923; x_wconf 78' lang='lat' dir='ltr'><strong>Nestorianis</strong></span> <span class='ocrx_word' id='word_1_243' title='bbox 985 2872 1208 2924; x_wconf 82' lang='lat' dir='ltr'><strong>contentionibus</strong></span> <span class='ocrx_word' id='word_1_244' title='bbox 1234 2872 1333 2990; x_wconf 74' lang='lat' dir='ltr'><strong>‹yuinto</strong></span> 
     </span>
     <span class='ocr_line' id='line_1_32' title="bbox 314 2940 1333 3012; baseline -0.003 -17"><span class='ocrx_word' id='word_1_245' title='bbox 314 2944 408 2997; x_wconf 84' lang='lat' dir='ltr'><strong>secuto</strong></span> <span class='ocrx_word' id='word_1_246' title='bbox 434 2944 589 3012; x_wconf 82' lang='lat' dir='ltr'><strong>implicitus.</strong></span> <span class='ocrx_word' id='word_1_247' title='bbox 662 2942 690 3011; x_wconf 82' lang='lat'><strong>3)</strong></span> <span class='ocrx_word' id='word_1_248' title='bbox 709 2942 802 2991; x_wconf 83' lang='lat' dir='ltr'><strong>Zonar.</strong></span> <span class='ocrx_word' id='word_1_249' title='bbox 825 2942 919 2991; x_wconf 82' lang='lat' dir='ltr'><strong>donat.</strong></span> <span class='ocrx_word' id='word_1_250' title='bbox 943 2942 975 2991; x_wconf 84' lang='grc' dir='ltr'><strong>Τ.</strong></span> <span class='ocrx_word' id='word_1_251' title='bbox 996 2940 1030 2990; x_wconf 91' lang='lat'><strong>11.</strong></span> <span class='ocrx_word' id='word_1_252' title='bbox 1050 2957 1076 3008; x_wconf 89' lang='lat' dir='ltr'><strong>p.</strong></span> <span class='ocrx_word' id='word_1_253' title='bbox 1099 2944 1156 2993; x_wconf 77' lang='lat' dir='ltr'><strong>ros.</strong></span> <span class='ocrx_word' id='word_1_254' title='bbox 1191 2942 1333 2993; x_wconf 72' lang='lat' dir='ltr'><strong>Cerrenns</strong></span> 
     </span>
     <span class='ocr_line' id='line_1_33' title="bbox 315 3008 1334 3085; baseline -0.009 -17"><span class='ocrx_word' id='word_1_255' title='bbox 315 3032 342 3085; x_wconf 85' lang='lat' dir='ltr'><strong>p·</strong></span> <span class='ocrx_word' id='word_1_256' title='bbox 362 3015 421 3079; x_wconf 65' lang='grc'><strong>463.</strong></span> <span class='ocrx_word' id='word_1_257' title='bbox 475 3012 720 3082; x_wconf 62' lang='lat' dir='ltr'><strong>d)l.eoGramnrat.</strong></span> <span class='ocrx_word' id='word_1_258' title='bbox 732 3030 756 3079; x_wconf 90' lang='lat' dir='ltr'><strong>p.</strong></span> <span class='ocrx_word' id='word_1_259' title='bbox 771 3012 831 3074; x_wconf 69' lang='grc'><strong>504.</strong></span> <span class='ocrx_word' id='word_1_260' title='bbox 850 3010 960 3061; x_wconf 89' lang='lat' dir='ltr'><strong>Contin.</strong></span> <span class='ocrx_word' id='word_1_261' title='bbox 981 3008 1105 3078; x_wconf 82' lang='lat' dir='ltr'><strong>Theoph.</strong></span> <span class='ocrx_word' id='word_1_262' title='bbox 1127 3028 1152 3077; x_wconf 90' lang='lat' dir='ltr'><strong>p.</strong></span> <span class='ocrx_word' id='word_1_263' title='bbox 1173 3010 1231 3063; x_wconf 77' lang='lat'><strong>258.</strong></span> <span class='ocrx_word' id='word_1_264' title='bbox 1253 3008 1334 3059; x_wconf 83' lang='lat' dir='ltr'><strong>Dicta</strong></span> 
     </span>
     <span class='ocr_line' id='line_1_34' title="bbox 313 3076 1333 3146; baseline -0.009 -10"><span class='ocrx_word' id='word_1_265' title='bbox 313 3093 355 3137; x_wconf 87' lang='lat' dir='ltr'><strong>est</strong></span> <span class='ocrx_word' id='word_1_266' title='bbox 380 3086 530 3136; x_wconf 77' lang='lat' dir='ltr'><strong>curatoria</strong></span> <span class='ocrx_word' id='word_1_267' title='bbox 555 3100 569 3131; x_wconf 90' lang='lat' dir='ltr'><strong>n</strong></span> <span class='ocrx_word' id='word_1_268' title='bbox 599 3086 751 3134; x_wconf 75' lang='lat' dir='ltr'><strong>Garatom.</strong></span> <span class='ocrx_word' id='word_1_269' title='bbox 783 3080 830 3146; x_wconf 84' lang='lat' dir='ltr'><strong>qui</strong></span> <span class='ocrx_word' id='word_1_270' title='bbox 856 3079 975 3136; x_wconf 84' lang='lat' dir='ltr'><strong>tributa,</strong></span> <span class='ocrx_word' id='word_1_271' title='bbox 1005 3093 1055 3143; x_wconf 89' lang='lat' dir='ltr'><strong>per</strong></span> <span class='ocrx_word' id='word_1_272' title='bbox 1080 3094 1139 3129; x_wconf 84' lang='lat' dir='ltr'><strong>earn</strong></span> <span class='ocrx_word' id='word_1_273' title='bbox 1165 3076 1333 3145; x_wconf 82' lang='lat' dir='ltr'><strong>provinciam</strong></span> 
     </span>
     <span class='ocr_line' id='line_1_35' title="bbox 311 3145 1333 3265; baseline -0.01 -60"><span class='ocrx_word' id='word_1_274' title='bbox 311 3155 444 3212; x_wconf 85' lang='lat' dir='ltr'><strong>collecta,</strong></span> <span class='ocrx_word' id='word_1_275' title='bbox 469 3152 574 3201; x_wconf 78' lang='lat' dir='ltr'><strong>aerario</strong></span> <span class='ocrx_word' id='word_1_276' title='bbox 593 3148 736 3217; x_wconf 69' lang='lat' dir='ltr'><strong>principis,</strong></span> <span class='ocrx_word' id='word_1_277' title='bbox 758 3145 879 3265; x_wconf 73' lang='lat' dir='ltr'><strong>(prodet</strong></span> <span class='ocrx_word' id='word_1_278' title='bbox 899 3147 986 3212; x_wconf 90' lang='lat' dir='ltr'><strong>ipsum</strong></span> <span class='ocrx_word' id='word_1_279' title='bbox 1006 3148 1196 3215; x_wconf 73' lang='grc' dir='ltr'><strong><em>Κουρατωρὶα</em></strong></span> <span class='ocrx_word' id='word_1_280' title='bbox 1211 3154 1333 3209; x_wconf 79' lang='lat' dir='ltr'><strong>voeatnr,</strong></span> 
     </span>
     <span class='ocr_line' id='line_1_36' title="bbox 311 3215 1335 3285; baseline -0.018 -10"><span class='ocrx_word' id='word_1_281' title='bbox 311 3222 456 3275; x_wconf 82' lang='lat' dir='ltr'><strong>inserebat.</strong></span> <span class='ocrx_word' id='word_1_282' title='bbox 492 3219 550 3269; x_wconf 87' lang='lat' dir='ltr'><strong>lloc</strong></span> <span class='ocrx_word' id='word_1_283' title='bbox 569 3234 603 3268; x_wconf 78' lang='lat' dir='ltr'><strong>ex</strong></span> <span class='ocrx_word' id='word_1_284' title='bbox 621 3219 748 3268; x_wconf 85' lang='lat' dir='ltr'><strong>Simeone</strong></span> <span class='ocrx_word' id='word_1_285' title='bbox 789 3215 917 3284; x_wconf 84' lang='lat' dir='ltr'><strong>ogotheta</strong></span> <span class='ocrx_word' id='word_1_286' title='bbox 937 3234 963 3283; x_wconf 90' lang='lat' dir='ltr'><strong>p.</strong></span> <span class='ocrx_word' id='word_1_287' title='bbox 981 3216 1041 3283; x_wconf 76' lang='grc'><strong>487.</strong></span> <span class='ocrx_word' id='word_1_288' title='bbox 1063 3217 1176 3285; x_wconf 83' lang='lat' dir='ltr'><strong>colligo:</strong></span> <span class='ocrx_word' id='word_1_289' title='bbox 1213 3217 1335 3277; x_wconf 74' lang='grc' dir='ltr'><strong>Μελιτη.</strong></span> 
     </span>
     <span class='ocr_line' id='line_1_37' title="bbox 309 3282 1336 3357; baseline -0.012 -12"><span class='ocrx_word' id='word_1_290' title='bbox 309 3282 365 3356; x_wconf 73' lang='lat' dir='ltr'><strong>vir</strong></span> <span class='ocrx_word' id='word_1_291' title='bbox 391 3290 612 3357; x_wconf 78' lang='grc' dir='ltr'><strong>Κουρατωρείαν</strong></span> <span class='ocrx_word' id='word_1_292' title='bbox 635 3286 750 3349; x_wconf 74' lang='grc' dir='ltr'><strong><em>ἐποίησε</em></strong></span> <span class='ocrx_word' id='word_1_293' title='bbox 778 3282 968 3349; x_wconf 73' lang='lat' dir='ltr'><strong>d‘ltuorlsde,</strong></span> <span class='ocrx_word' id='word_1_294' title='bbox 993 3288 1042 3335; x_wconf 74' lang='grc' dir='ltr'><strong>καὶ</strong></span> <span class='ocrx_word' id='word_1_295' title='bbox 1067 3282 1178 3342; x_wconf 73' lang='lat' dir='ltr'><strong>aeltric</strong></span> <span class='ocrx_word' id='word_1_296' title='bbox 1200 3283 1336 3352; x_wconf 71' lang='grc' dir='ltr'><strong>χιλιάδας</strong></span> 
     </span>
     <span class='ocr_line' id='line_1_38' title="bbox 310 3354 1333 3431; baseline -0.007 -19"><span class='ocrx_word' id='word_1_297' title='bbox 310 3364 422 3431; x_wconf 76' lang='grc' dir='ltr'><em>χρυσοῦ</em></span> <span class='ocrx_word' id='word_1_298' title='bbox 448 3360 497 3409; x_wconf 79' lang='lat' dir='ltr'><strong>seul</strong></span> <span class='ocrx_word' id='word_1_299' title='bbox 530 3355 670 3426; x_wconf 66' lang='grc' dir='ltr'><strong>ἀργυρίου</strong></span> <span class='ocrx_word' id='word_1_300' title='bbox 704 3357 816 3407; x_wconf 67' lang='grc' dir='ltr'><strong>ἐκεῖθεν</strong></span> <span class='ocrx_word' id='word_1_301' title='bbox 841 3354 979 3425; x_wconf 64' lang='grc' dir='ltr'><strong>λαμβάνει</strong></span> <span class='ocrx_word' id='word_1_302' title='bbox 1003 3354 1128 3418; x_wconf 70' lang='grc' dir='ltr'><strong>ἐτησίως.</strong></span> <span class='ocrx_word' id='word_1_303' title='bbox 1161 3356 1280 3425; x_wconf 81' lang='lat' dir='ltr'><strong>(langius</strong></span> <span class='ocrx_word' id='word_1_304' title='bbox 1302 3356 1333 3405; x_wconf 91' lang='lat' dir='ltr'><strong>in</strong></span> 
     </span>
     <span class='ocr_line' id='line_1_39' title="bbox 313 3422 1332 3492; baseline -0.013 -7"><span class='ocrx_word' id='word_1_305' title='bbox 313 3433 431 3485; x_wconf 86' lang='lat' dir='ltr'><strong>Glossar.</strong></span> <span class='ocrx_word' id='word_1_306' title='bbox 451 3428 478 3479; x_wconf 92' lang='lat' dir='ltr'><strong>h.</strong></span> <span class='ocrx_word' id='word_1_307' title='bbox 497 3444 522 3482; x_wconf 82' lang='lat' dir='ltr'><strong>v.</strong></span> <span class='ocrx_word' id='word_1_308' title='bbox 544 3429 639 3479; x_wconf 82' lang='lat' dir='ltr'><strong>Annae</strong></span> <span class='ocrx_word' id='word_1_309' title='bbox 657 3426 808 3477; x_wconf 76' lang='lat' dir='ltr'><strong>Comnenor</strong></span> <span class='ocrx_word' id='word_1_310' title='bbox 841 3425 931 3476; x_wconf 87' lang='lat' dir='ltr'><strong>locum</strong></span> <span class='ocrx_word' id='word_1_311' title='bbox 957 3423 1081 3476; x_wconf 80' lang='lat' dir='ltr'><strong>Alexiad.</strong></span> <span class='ocrx_word' id='word_1_312' title='bbox 1102 3425 1134 3478; x_wconf 86' lang='lat' dir='ltr'><strong>L.</strong></span> <span class='ocrx_word' id='word_1_313' title='bbox 1151 3422 1209 3475; x_wconf 83' lang='lat' dir='ltr'><strong>vll.</strong></span> <span class='ocrx_word' id='word_1_314' title='bbox 1229 3441 1255 3492; x_wconf 88' lang='lat' dir='ltr'><strong>p.</strong></span> <span class='ocrx_word' id='word_1_315' title='bbox 1273 3427 1332 3479; x_wconf 86' lang='lat' dir='ltr'><strong>ao5.</strong></span> 
     </span>
     <span class='ocr_line' id='line_1_40' title="bbox 311 3494 1333 3570; baseline -0.01 -17"><span class='ocrx_word' id='word_1_316' title='bbox 311 3502 438 3570; x_wconf 85' lang='lat' dir='ltr'><strong>corrigit,</strong></span> <span class='ocrx_word' id='word_1_317' title='bbox 461 3508 490 3551; x_wconf 88' lang='lat' dir='ltr'><strong>et</strong></span> <span class='ocrx_word' id='word_1_318' title='bbox 507 3514 556 3567; x_wconf 87' lang='lat' dir='ltr'><strong>pro</strong></span> <span class='ocrx_word' id='word_1_319' title='bbox 576 3498 749 3559; x_wconf 75' lang='grc' dir='ltr'><strong>Μιτυλίνης,</strong></span> <span class='ocrx_word' id='word_1_320' title='bbox 778 3494 935 3558; x_wconf 65' lang='grc' dir='ltr'><strong><em>Μελιιήνιις</em></strong></span> <span class='ocrx_word' id='word_1_321' title='bbox 951 3494 1094 3558; x_wconf 82' lang='lat' dir='ltr'><strong>rescribit,</strong></span> <span class='ocrx_word' id='word_1_322' title='bbox 1123 3494 1151 3544; x_wconf 90' lang='lat' dir='ltr'><strong>in</strong></span> <span class='ocrx_word' id='word_1_323' title='bbox 1170 3495 1333 3563; x_wconf 75' lang='lat' dir='ltr'><strong>quoipiam</strong></span> 
     </span>
     <span class='ocr_line' id='line_1_41' title="bbox 312 3563 1332 3637; baseline -0.009 -13"><span class='ocrx_word' id='word_1_324' title='bbox 312 3576 383 3625; x_wconf 90' lang='lat' dir='ltr'><strong>ratio</strong></span> <span class='ocrx_word' id='word_1_325' title='bbox 402 3572 480 3637; x_wconf 73' lang='lat' dir='ltr'><strong>frigit.</strong></span> <span class='ocrx_word' id='word_1_326' title='bbox 518 3568 611 3620; x_wconf 82' lang='lat' dir='ltr'><strong>Refert</strong></span> <span class='ocrx_word' id='word_1_327' title='bbox 629 3568 768 3635; x_wconf 80' lang='lat' dir='ltr'><strong>Angruta,</strong></span> <span class='ocrx_word' id='word_1_328' title='bbox 793 3563 943 3626; x_wconf 90' lang='lat' dir='ltr'><strong>Tzacham,</strong></span> <span class='ocrx_word' id='word_1_329' title='bbox 973 3564 1051 3615; x_wconf 85' lang='lat' dir='ltr'><strong>classi</strong></span> <span class='ocrx_word' id='word_1_330' title='bbox 1074 3564 1255 3634; x_wconf 77' lang='lat' dir='ltr'><strong>praetectum,</strong></span> <span class='ocrx_word' id='word_1_331' title='bbox 1282 3578 1332 3615; x_wconf 80' lang='lat' dir='ltr'><strong>oc-</strong></span> 
     </span>
     <span class='ocr_line' id='line_1_42' title="bbox 315 3629 1331 3709; baseline -0.009 -17"><span class='ocrx_word' id='word_1_332' title='bbox 315 3644 421 3709; x_wconf 85' lang='lat' dir='ltr'><strong>cupatis</strong></span> <span class='ocrx_word' id='word_1_333' title='bbox 441 3640 632 3699; x_wconf 83' lang='lat' dir='ltr'><strong>Clazomenis,</strong></span> <span class='ocrx_word' id='word_1_334' title='bbox 655 3639 683 3687; x_wconf 92' lang='lat' dir='ltr'><strong>in</strong></span> <span class='ocrx_word' id='word_1_335' title='bbox 702 3636 869 3687; x_wconf 81' lang='lat' dir='ltr'><strong>Phocensern</strong></span> <span class='ocrx_word' id='word_1_336' title='bbox 888 3651 981 3703; x_wconf 79' lang='lat' dir='ltr'><strong>agrum</strong></span> <span class='ocrx_word' id='word_1_337' title='bbox 999 3635 1125 3695; x_wconf 83' lang='lat' dir='ltr'><strong>solvisse,</strong></span> <span class='ocrx_word' id='word_1_338' title='bbox 1149 3648 1264 3701; x_wconf 75' lang='lat' dir='ltr'><strong>utrmque</strong></span> <span class='ocrx_word' id='word_1_339' title='bbox 1283 3629 1331 3683; x_wconf 87' lang='lat' dir='ltr'><strong>din</strong></span> 
     </span>
     <span class='ocr_line' id='line_1_43' title="bbox 314 3703 1333 3773; baseline -0.011 -11"><span class='ocrx_word' id='word_1_340' title='bbox 314 3714 344 3763; x_wconf 91' lang='lat' dir='ltr'><strong>in</strong></span> <span class='ocrx_word' id='word_1_341' title='bbox 361 3708 506 3763; x_wconf 76' lang='lat' dir='ltr'><strong>obsidione</strong></span> <span class='ocrx_word' id='word_1_342' title='bbox 531 3707 707 3773; x_wconf 84' lang='lat' dir='ltr'><strong>hlethymnae</strong></span> <span class='ocrx_word' id='word_1_343' title='bbox 733 3706 881 3761; x_wconf 79' lang='lat' dir='ltr'><strong>haesisset.</strong></span> <span class='ocrx_word' id='word_1_344' title='bbox 911 3704 1119 3769; x_wconf 83' lang='lat' dir='ltr'><strong>hlitylencusem</strong></span> <span class='ocrx_word' id='word_1_345' title='bbox 1146 3704 1284 3768; x_wconf 73' lang='lat' dir='ltr'><strong>regionem</strong></span> <span class='ocrx_word' id='word_1_346' title='bbox 1303 3703 1333 3751; x_wconf 89' lang='lat' dir='ltr'><strong>in</strong></span> 
     </span>
     <span class='ocr_line' id='line_1_44' title="bbox 315 3771 1335 3844; baseline -0.007 -14"><span class='ocrx_word' id='word_1_347' title='bbox 315 3779 447 3831; x_wconf 82' lang='lat' dir='ltr'><strong>ditionem</strong></span> <span class='ocrx_word' id='word_1_348' title='bbox 465 3776 608 3844; x_wconf 84' lang='lat' dir='ltr'><strong>redegisse.</strong></span> <span class='ocrx_word' id='word_1_349' title='bbox 647 3774 734 3837; x_wconf 88' lang='lat' dir='ltr'><strong>Unde,</strong></span> <span class='ocrx_word' id='word_1_350' title='bbox 753 3777 800 3844; x_wconf 83' lang='lat' dir='ltr'><strong>qui</strong></span> <span class='ocrx_word' id='word_1_351' title='bbox 818 3776 937 3828; x_wconf 88' lang='lat' dir='ltr'><strong>locornrn</strong></span> <span class='ocrx_word' id='word_1_352' title='bbox 956 3776 1038 3824; x_wconf 90' lang='lat' dir='ltr'><strong>sitnm</strong></span> <span class='ocrx_word' id='word_1_353' title='bbox 1060 3781 1088 3823; x_wconf 92' lang='lat' dir='ltr'><strong>et</strong></span> <span class='ocrx_word' id='word_1_354' title='bbox 1105 3771 1335 3839; x_wconf 85' lang='lat' dir='ltr'><strong>circumscriptio·</strong></span> 
     </span>
     <span class='ocr_line' id='line_1_45' title="bbox 314 3842 1334 3913; baseline -0.008 -14"><span class='ocrx_word' id='word_1_355' title='bbox 314 3866 377 3899; x_wconf 87' lang='lat' dir='ltr'><strong>nrm</strong></span> <span class='ocrx_word' id='word_1_356' title='bbox 398 3856 516 3904; x_wconf 85' lang='lat' dir='ltr'><strong>norunt,</strong></span> <span class='ocrx_word' id='word_1_357' title='bbox 535 3848 615 3897; x_wconf 74' lang='lat' dir='ltr'><strong>facilc</strong></span> <span class='ocrx_word' id='word_1_358' title='bbox 635 3844 806 3913; x_wconf 84' lang='lat' dir='ltr'><strong>intelligent,</strong></span> <span class='ocrx_word' id='word_1_359' title='bbox 824 3863 882 3896; x_wconf 86' lang='lat' dir='ltr'><strong>earn</strong></span> <span class='ocrx_word' id='word_1_360' title='bbox 901 3843 934 3893; x_wconf 90' lang='lat' dir='ltr'><strong>de</strong></span> <span class='ocrx_word' id='word_1_361' title='bbox 952 3842 1102 3909; x_wconf 80' lang='lat' dir='ltr'><strong>Mitylene,</strong></span> <span class='ocrx_word' id='word_1_362' title='bbox 1120 3849 1211 3892; x_wconf 81' lang='lat' dir='ltr'><strong>vetere</strong></span> <span class='ocrx_word' id='word_1_363' title='bbox 1230 3859 1262 3892; x_wconf 88' lang='lat' dir='ltr'><strong>ae</strong></span> <span class='ocrx_word' id='word_1_364' title='bbox 1279 3858 1334 3891; x_wconf 89' lang='lat' dir='ltr'><strong>no-</strong></span> 
     </span>
     <span class='ocr_line' id='line_1_46' title="bbox 312 3910 1332 3985; baseline -0.009 -15"><span class='ocrx_word' id='word_1_365' title='bbox 312 3917 365 3970; x_wconf 85' lang='lat' dir='ltr'><strong>bili</strong></span> <span class='ocrx_word' id='word_1_366' title='bbox 387 3918 464 3978; x_wconf 90' lang='lat' dir='ltr'><strong>urbe,</strong></span> <span class='ocrx_word' id='word_1_367' title='bbox 482 3918 568 3985; x_wconf 87' lang='lat' dir='ltr'><strong>loqui,</strong></span> <span class='ocrx_word' id='word_1_368' title='bbox 587 3914 663 3966; x_wconf 82' lang='lat' dir='ltr'><strong>enirn</strong></span> <span class='ocrx_word' id='word_1_369' title='bbox 683 3932 782 3966; x_wconf 91' lang='lat' dir='ltr'><strong>nomen</strong></span> <span class='ocrx_word' id='word_1_370' title='bbox 801 3918 942 3966; x_wconf 85' lang='lat' dir='ltr'><strong>universae</strong></span> <span class='ocrx_word' id='word_1_371' title='bbox 963 3914 1069 3964; x_wconf 87' lang='lat' dir='ltr'><strong>insulae</strong></span> <span class='ocrx_word' id='word_1_372' title='bbox 1086 3921 1179 3979; x_wconf 80' lang='lat' dir='ltr'><strong>postea</strong></span> <span class='ocrx_word' id='word_1_373' title='bbox 1198 3910 1332 3963; x_wconf 87' lang='lat' dir='ltr'><strong>tributum</strong></span> 
     </span>
     <span class='ocr_line' id='line_1_47' title="bbox 313 3980 1333 4055; baseline -0.007 -20"><span class='ocrx_word' id='word_1_374' title='bbox 313 3984 430 4039; x_wconf 83' lang='lat' dir='ltr'><strong>ridetur.</strong></span> <span class='ocrx_word' id='word_1_375' title='bbox 501 3987 528 4055; x_wconf 84' lang='lat'><strong>5)</strong></span> <span class='ocrx_word' id='word_1_376' title='bbox 548 3984 644 4035; x_wconf 78' lang='lat' dir='ltr'><strong>indict.</strong></span> <span class='ocrx_word' id='word_1_377' title='bbox 671 3985 728 4033; x_wconf 81' lang='lat' dir='ltr'><strong>vu.</strong></span> <span class='ocrx_word' id='word_1_378' title='bbox 749 4002 782 4035; x_wconf 85' lang='lat' dir='ltr'><strong>rn.</strong></span> <span class='ocrx_word' id='word_1_379' title='bbox 808 3985 913 4055; x_wconf 73' lang='lat' dir='ltr'><strong>Aprili,</strong></span> <span class='ocrx_word' id='word_1_380' title='bbox 950 4000 998 4033; x_wconf 88' lang='lat' dir='ltr'><strong>sen</strong></span> <span class='ocrx_word' id='word_1_381' title='bbox 1023 3982 1054 4037; x_wconf 85' lang='grc' dir='ltr'><strong>Λ.</strong></span> <span class='ocrx_word' id='word_1_382' title='bbox 1079 3980 1108 4031; x_wconf 85' lang='lat' dir='ltr'><strong>C.</strong></span> <span class='ocrx_word' id='word_1_383' title='bbox 1133 3980 1194 4048; x_wconf 64' lang='lat'><strong>934.</strong></span> <span class='ocrx_word' id='word_1_384' title='bbox 1230 3982 1333 4032; x_wconf 82' lang='lat' dir='ltr'><strong>&#39;l&#39;nrcos</strong></span> 
     </span>
     <span class='ocr_line' id='line_1_48' title="bbox 315 4051 1333 4125; baseline -0.012 -16"><span class='ocrx_word' id='word_1_385' title='bbox 315 4060 373 4109; x_wconf 80' lang='lat' dir='ltr'><strong>fero</strong></span> <span class='ocrx_word' id='word_1_386' title='bbox 391 4062 488 4107; x_wconf 83' lang='lat' dir='ltr'><strong>vocant</strong></span> <span class='ocrx_word' id='word_1_387' title='bbox 504 4057 666 4123; x_wconf 80' lang='lat' dir='ltr'><strong>scriptores,</strong></span> <span class='ocrx_word' id='word_1_388' title='bbox 693 4055 741 4125; x_wconf 79' lang='lat' dir='ltr'><strong>qui</strong></span> <span class='ocrx_word' id='word_1_389' title='bbox 762 4053 845 4106; x_wconf 87' lang='lat' dir='ltr'><strong>bodie</strong></span> <span class='ocrx_word' id='word_1_390' title='bbox 864 4053 984 4121; x_wconf 79' lang='lat' dir='ltr'><strong>lluugari</strong></span> <span class='ocrx_word' id='word_1_391' title='bbox 1002 4061 1073 4101; x_wconf 90' lang='lat' dir='ltr'><strong>snnt.</strong></span> <span class='ocrx_word' id='word_1_392' title='bbox 1110 4052 1202 4101; x_wconf 82' lang='lat' dir='ltr'><strong>Zonar.</strong></span> <span class='ocrx_word' id='word_1_393' title='bbox 1227 4066 1254 4117; x_wconf 77' lang='lat' dir='ltr'><strong>p,</strong></span> <span class='ocrx_word' id='word_1_394' title='bbox 1277 4051 1333 4113; x_wconf 80' lang='lat'><strong>176.</strong></span> 
     </span>
     <span class='ocr_line' id='line_1_49' title="bbox 314 4114 1336 4193; baseline -0.015 -13"><span class='ocrx_word' id='word_1_395' title='bbox 314 4128 347 4179; x_wconf 81' lang='lat' dir='ltr'><strong>l).</strong></span> <span class='ocrx_word' id='word_1_396' title='bbox 385 4128 510 4193; x_wconf 79' lang='grc' dir='ltr'><em>Τοῦρκοι</em></span> <span class='ocrx_word' id='word_1_397' title='bbox 528 4124 641 4190; x_wconf 72' lang='grc' dir='ltr'><strong><em>οἱπερὶ</em></strong></span> <span class='ocrx_word' id='word_1_398' title='bbox 660 4114 856 4193; x_wconf 63' lang='grc' dir='ltr'><em>τόνἼστροῃ,</em></span> <span class='ocrx_word' id='word_1_399' title='bbox 883 4122 912 4175; x_wconf 78' lang='lat' dir='ltr'><strong>al</strong></span> <span class='ocrx_word' id='word_1_400' title='bbox 929 4126 978 4173; x_wconf 77' lang='lat' dir='ltr'><strong>aot</strong></span> <span class='ocrx_word' id='word_1_401' title='bbox 1006 4120 1155 4187; x_wconf 78' lang='grc' dir='ltr'><em>Οὸγγαροι</em></span> <span class='ocrx_word' id='word_1_402' title='bbox 1172 4120 1336 4173; x_wconf 68' lang='lat' dir='ltr'><strong>natorum,</strong></span> 
     </span>
     <span class='ocr_line' id='line_1_50' title="bbox 320 4190 1337 4264; baseline -0.013 -15"><span class='ocrx_word' id='word_1_403' title='bbox 320 4196 396 4249; x_wconf 81' lang='lat' dir='ltr'><strong>idem</strong></span> <span class='ocrx_word' id='word_1_404' title='bbox 413 4195 505 4263; x_wconf 72' lang='lat' dir='ltr'><strong>p-ahb·</strong></span> <span class='ocrx_word' id='word_1_405' title='bbox 527 4193 562 4245; x_wconf 90' lang='lat' dir='ltr'><strong>de</strong></span> <span class='ocrx_word' id='word_1_406' title='bbox 581 4194 693 4256; x_wconf 81' lang='lat' dir='ltr'><strong>Tuscis,</strong></span> <span class='ocrx_word' id='word_1_407' title='bbox 711 4196 787 4264; x_wconf 80' lang='lat' dir='ltr'><strong>regni</strong></span> <span class='ocrx_word' id='word_1_408' title='bbox 799 4194 952 4247; x_wconf 83' lang='lat' dir='ltr'><strong>Saraceniei</strong></span> <span class='ocrx_word' id='word_1_409' title='bbox 968 4190 1151 4252; x_wconf 81' lang='lat' dir='ltr'><strong>eversoribus,</strong></span> <span class='ocrx_word' id='word_1_410' title='bbox 1164 4190 1270 4253; x_wconf 81' lang='lat' dir='ltr'><strong>scribit,</strong></span> <span class='ocrx_word' id='word_1_411' title='bbox 1289 4202 1337 4239; x_wconf 89' lang='lat' dir='ltr'><strong>eos</strong></span> 
     </span>
    </p>
   </div>
   <div class='ocr_carea' id='block_1_5' title="bbox 0 0 1573 4917">
    <p class='ocr_par' dir='ltr' id='par_1_7' title="bbox 0 0 1573 4917">
     <span class='ocr_line' id='line_1_51' title="bbox 0 0 1573 4917; baseline 0 0"><span class='ocrx_word' id='word_1_412' title='bbox 0 0 1573 4917; x_wconf 95' lang='lat' dir='ltr'><strong> </strong></span> 
     </span>
    </p>
   </div>
  </div>
 </body>
</html>
