3125 4917
282 365 364 470 ¹46
478 389 752 459 consrnrnnr
780 389 1146 458 ronenvnocnnm

274 569 330 613 ται
349 544 405 611 διά
426 545 483 629 τῆς
501 541 640 630 μεχάλης
658 541 761 628 πάλης
780 545 836 628 τῆς
854 545 993 628 χαλκῆς·
1014 540 1103 612 αἰδὲ
1124 543 1222 630 δοχαέ
1238 547 1301 610 νῦν
1314 565 1369 610 πι-

274 647 414 730 ρατικῦν
431 646 539 727 μεροῖν
558 646 615 707 καί
631 645 695 708 sair
714 645 884 706 πολιτικῶν
904 644 1068 707 τελοῦνται
1095 645 1188 731 ἐνπῇ
1208 640 1294 722 τάξει
1315 639 1373 705 καί

272 738 404 822 στάσει,
439 737 477 806 ὃν
504 736 621 825 τρόπον
640 742 853 821 ἰτελέσθησαν
881 739 915 804 ἐν
935 743 977 826 τῇ
997 736 1181 825 προελεάσει
1206 745 1262 824 τῆς
1284 744 1370 823 Χρι-

272 843 351 906 στοῦ
369 835 558 923 γεννήσεως.
597 835 654 904 καί
672 835 730 913 τάς
750 835 869 921 σχολὰς
888 835 945 902 καί
963 832 1002 903 τά
1025 834 1213 922 ἐκσκοῦβιτα
1234 833 1370 904 διελθών

272 934 407 1003 καὶτοῦ
427 939 653 1021 κονσισταρίαν
674 933 731 1000 καί
748 939 809 1000 τοῦ
829 937 949 1016 στενοῦ,
970 937 1150 1022 εἰσέρχεται
1169 939 1215 1011 εἰς
1235 933 1292 999 τάν
1307 927 1389 1010 nsi-5

269 1035 418 1119 χοαστέα,
438 1032 495 1099 καί
513 1032 544 1098 οἷ
563 1037 625 1098 τοῦ
642 1035 866 1117 κοοβανκλείοα
875 1084 886 1118 ,
906 1035 1086 1110 τελέσαντες
1105 1031 1164 1120 τὴν
1183 1029 1366 1120 συνήθειαν,

270 1132 468 1218 εἰσέρχονται
488 1136 535 1209 εἰς
554 1129 592 1197 τά
615 1129 816 1217 ὄκτάχοινον,
849 1130 907 1196 καί
932 1130 1090 1215 λαμβάνει
1118 1133 1134 1196 ά
1157 1128 1366 1220 πραὶπάσιτος

269 1229 308 1294 τὸ
328 1235 455 1312 στέμμα
475 1224 539 1296 sind
559 1235 616 1316 τῆς
635 1236 777 1318 κεφαλῆς
798 1233 858 1296 τοῦ
878 1235 1052 1314 βασιλέως,
1090 1230 1148 1296 καί
1172 1227 1366 1305 εἰσελθόντες

268 1325 300 1392 oi
318 1325 507 1414 βεστὴτορες
527 1325 769 1399 α’παλλάσσοοσι
788 1327 844 1414 την
861 1331 1000 1413 χλανίδα
1021 1323 1131 1395 odiosi.
1174 1325 1242 1395 εἶτα
1263 1330 1363 1394 εἰσελ-

237 1427 339 1492 contr
357 1425 375 1492 ῦ
395 1423 593 1513 πατριάρχης
612 1431 657 1504 εἰς
676 1425 733 1493 τάν
752 1422 845 1512 ipos
863 1431 1036 1514 Στέφανον,
1058 1427 1191 1492 καὶτοῦ
1209 1429 1407 1511 βασιλέαςιο

144 1530 437 1608 λλι.ηλ.ιμέλλοντος
456 1521 654 1608 άκοαμβάιαι
673 1529 720 1604 εἰς
739 1526 778 1592 τά
801 1523 845 1593 ιθ’
866 1523 1037 1610 άκοάβιτα,
1059 1521 1144 1592 νεῦει
1164 1529 1208 1616 τῷ
1229 1546 1367 1610 πραιπο-

265 1627 364 1712 σι’τηι,
384 1623 441 1689 καί
458 1630 685 1709 προσκαλεῖται
712 1622 769 1690 τὸν
789 1621 1007 1710 πατριάρχην,
1027 1628 1084 1690 καί
1101 1619 1215 1690 τοῦτον
1238 1621 1368 1708 peropt-

263 1746 339 1805 νοο,
367 1728 600 1807 προσκυνοῦσιν
620 1721 791 1809 άλληλους,
822 1723 878 1787 καί
896 1725 1096 1808 εἰσέρχονται
1117 1720 1147 1788 ολ
1169 1721 1283 1806 ἱερεῖς,
1313 1718 1369 1784 καί

261 1821 317 1886 τὸν
334 1821 445 1904 στάχυν
472 1819 676 1905 ποιήσαντες,
708 1824 888 1906 εἰσέρχεται
920 1818 1017 1886 πάλιν
1046 1821 1063 1884 ὁ
1092 1817 1292 1906 πατριάρχης
1320 1820 1366 1892 εἰς

261 1918 316 1985 τὸν
336 1915 426 2003 tyros
445 1923 608 2005 Στέφανον
628 1921 685 1984 καί
704 1916 848 2000 ἐκβάλλει
868 1917 905 1983 τὸ
927 1912 1110 2006 άμοφάριον
1131 1915 1239 1985 adreci.
1273 1916 1404 1997 ὅμοι’-ιό

263 2042 307 2094 mc
325 2017 383 2083 καί
407 2016 426 2080 ὅ
447 2016 601 2100 βασιλεῦς
629 2015 775 2100 ἐκβάλλει
803 2017 839 2082 τὸ
864 2020 975 2099 σαχίον
1006 2014 1109 2084 αὐτοῦ
1135 2021 1191 2081 καί
1219 2002 1366 2079 ἑνοῦνται

260 2115 367 2196 πάλιν,
388 2118 444 2180 καί
463 2110 524 2180 εἶθ’
546 2110 645 2192 οῦτονς
664 2118 870 2200 ἐξέρχονται,
891 2113 1115 2194 άψικευύμενοι
1135 2110 1199 2176 ono·
1217 2115 1277 2177 τοῦ
1290 2137 1367 2176 κον-

265 2215 443 2294 βοακλιίοα,
464 2216 519 2275 καί
538 2209 788 2293 άκοαμβίζοοσιν
811 2210 840 2274 ολ
862 2208 921 2274 cisio
942 2213 976 2290 ἐξ
995 2211 1068 2275 ἴσον
1090 2213 1124 2275 ἐν
1143 2214 1187 2296 τῷ
1206 2211 1363 2299 άκουβιίιρ

262 2311 320 2374 aas*
338 2313 465 2374 πιῦοοσι
486 2306 566 2393 πράς
587 2305 680 2387 άπαξ.
703 2312 760 2373 καί
777 2302 841 2374 εἷθ’
859 2305 960 2384 οὕτως
979 2305 1086 2390 λαβών
1104 2311 1206 2389 νεῦμα
1228 2307 1245 2373 ὁ
1265 2332 1362 2392 πραι·

262 2401 387 2482 πάσιτος
407 2403 494 2490 παρά
517 2409 578 2469 τοῦ
596 2408 769 2488 βασιλέως,
805 2402 891 2472 νεῦει
910 2406 967 2490 την
987 2407 1165 2489 ῦπουργιόιν
1184 2404 1241 2470 καί
1260 2409 1403 2490 εἰσέρ-αο
1543 2340 1547 2561 ι

226 2521 253 2573 1)
260 2526 366 2586 χειαι,
387 2507 478 2566 τοῦτο
497 2504 534 2565 δέ
554 2514 644 2569 ποιεῦ
660 2503 716 2569 καί
734 2507 866 2569 ἐπὶτῶν
882 2509 1001 2568 λοιπῶν
1015 2508 1124 2588 φίλων.
1170 2508 1254 2590 (Δ.)
1270 2509 1361 2567 Μέλ-

217 2658 221 2666 .
260 2606 367 2675 λονιος
388 2600 424 2662 δέ
453 2597 647 2664 οἷνιλπασθαι
674 2605 734 2663 τοῦ
759 2604 917 2681 βασιλέως
938 2603 995 2663 κατ’
1011 2604 1075 2664 τῶν
1096 2605 1198 2684 φιλίαν
1217 2597 1360 2678 ἐξελθόν-

258 2723 342 2777 των,
363 2696 515 2777 μέναασιν
536 2696 565 2760 oi
586 2701 647 2761 τοῦ
667 2689 734 2762 άνοι
756 2696 925 2780 άιιονβάοιι
948 2702 1056 2783 prior,
1078 2696 1109 2762 oi
1128 2704 1358 2783 μητραπολῖται

256 2799 313 2860 κατ’
333 2791 403 2861 ὅσοι
425 2795 505 2861 εἰσίν
524 2797 570 2871 εἰς
591 2793 667 2872 τοῦς
687 2792 837 2883 πράτοις
858 2797 1063 2880 decerptione,
1104 2791 1201 2882 ἧχονν
1228 2797 1275 2872 εἰς
1304 2793 1358 2860 τάν

256 3045 322 3091 sus,
345 3046 470 3101 magnam
494 3038 601 3100 portam
626 3031 845 3085 chalccsintrat:
876 3031 1014 3100 excipitur
1034 3039 1162 3083 autema
1189 3031 1354 3082 transitoriis

255 3099 425 3171 urbanisque
438 3099 609 3154 sectionibus
632 3117 665 3154 co
679 3103 734 3153 ritu
754 3103 888 3172 iocoque,
913 3117 995 3172 quern
1015 3103 1043 3152 in
1062 3101 1237 3170 processione
1254 3099 1354 3151 natalis

256 3170 369 3223 Domini
388 3188 473 3240 supra
489 3170 696 3230 declaravimus.
737 3171 787 3223 Per
802 3172 907 3224 scholas
927 3181 955 3222 et
977 3171 1105 3221 excubias
1125 3170 1281 3222 consistorii
1299 3177 1355 3219 ste-

255 3240 341 3308 nique
355 3240 507 3310 digressus,
526 3241 667 3323 arrpssstale
680 3241 776 3305 intrat,
793 3240 968 3304 cubicularii,
983 3240 1083 3292 ritibus
1102 3239 1302 3299 subnervatis,
1319 3235 1353 3288 ad

256 3310 430 3377 octangrdurn
447 3326 476 3360 se
495 3311 649 3379 recipiunt,
668 3320 697 3362 ct
708 3313 881 3380 praepositus
895 3327 1023 3364 coronam
1040 3329 1055 3360 a
1072 3311 1161 3378 capito
1179 3307 1352 3376 imperatoris

257 3375 358 3437 demit,
382 3380 525 3431 vestitores
540 3381 599 3431 eius
612 3381 733 3431 tunicam
754 3389 870 3432 mutant
907 3381 1039 3434 Posthnec
1057 3383 1086 3430 in
1102 3381 1129 3428 S.
1149 3377 1282 3444 Stephani
1302 3393 1352 3446 pa-

255 3446 375 3499 triarcha
396 3448 557 3516 ingreditur,
575 3456 675 3499 etcum
694 3453 892 3519 imperatorin
909 3449 1089 3502 novendecim
1107 3447 1239 3496 accubitis
1257 3446 1355 3496 conri-

252 3518 328 3570 rinm
342 3525 453 3569 acturus
469 3523 519 3578 est,
537 3520 695 3586 praeposito
707 3522 815 3590 signum
834 3520 890 3580 dat,
911 3531 942 3573 ut
954 3518 1135 3587 patriarcham
1151 3515 1280 3576 advocet,
1298 3531 1353 3586 quo

253 3587 346 3651 facto,
378 3603 408 3640 se
429 3587 547 3637 invicem
567 3585 698 3649 adorant,
733 3597 760 3638 et
778 3588 934 3640 sacerdotes
961 3588 1074 3658 ingressi
1094 3586 1211 3638 stichum
1237 3585 1354 3646 faciunt,

254 3663 320 3706 tunc
336 3657 491 3726 patriarcha
510 3671 602 3708 rursus
626 3657 651 3708 S.
673 3657 806 3726 Stephani
827 3659 913 3708 intrat
932 3673 1068 3727 suumque
1088 3655 1280 3724 omophorium
1305 3653 1355 3702 dc·

254 3728 340 3793 ponit.
377 3729 530 3796 imperator
542 3727 647 3796 pariter
662 3743 754 3797 sagum
773 3745 853 3779 sumn
870 3728 956 3790 enuit,
975 3735 1004 3778 et
1023 3727 1062 3780 sic
1075 3744 1166 3778 rursus
1185 3737 1349 3777 conversan-

254 3801 311 3854 tur,
330 3801 412 3862 atque
425 3812 439 3845 a
453 3796 583 3850 cubiculo
594 3797 700 3866 stipati,
720 3796 915 3867 egrediuntur,
934 3806 961 3850 ct
975 3813 1028 3848 una
1044 3797 1073 3849 in
1097 3795 1225 3848 accubito
1240 3805 1350 3842 mensae

255 3859 428 3925 adsidentes,
452 3867 535 3918 semel
553 3865 665 3923 bibunt.
703 3867 749 3920 Sic
766 3876 861 3936 poster
879 3869 1068 3952 praepositus,
1087 3867 1164 3936 signo
1180 3862 1215 3911 ab
1231 3863 1350 3929 tmpera-

255 3939 315 3984 tore
336 3941 463 3998 accepto,
494 3938 625 3988 ministris
643 3937 751 4010 signnm
764 3939 821 4004 dat,
842 3946 871 3990 et
884 3946 1004 4001 intrant,
1028 3937 1159 4004 idemque
1175 3937 1204 3980 et
1217 3929 1289 3998 apud
1303 3945 1347 3980 re·

254 4001 347 4074 liquos
365 4001 467 4052 amicos
485 4005 650 4056 observatur.
699 4007 781 4079 (w.)
813 4008 882 4060 Cum
903 4024 968 4062 ται-ο
998 4019 1108 4072 surgere
1126 3999 1348 4070 imperatorvuit

253 4080 283 4123 et
295 4071 375 4121 amici
388 4072 486 4138 egressi
497 4081 572 4136 sunt,
592 4086 732 4127 remanent
742 4077 773 4139 ii,
791 4078 840 4146 qni
858 4079 888 4127 in
903 4071 1093 4145 superioribus
1108 4070 1240 4122 accubitis
1253 4069 1345 4122 iocum

251 4148 366 4204 ment,
390 4139 582 4210 metropolitae
609 4149 646 4204 ct,
670 4146 719 4215 qui
735 4146 764 4194 in
777 4146 873 4212 primis
894 4141 1028 4195 accubitis
1047 4140 1083 4191 sd
1095 4139 1216 4193 dextram
1229 4147 1258 4190 et
1275 4139 1345 4190 sini-

252 4219 336 4266 stram
357 4208 500 4277 adsidsnt,
531 4210 661 4282 episcopi.
710 4211 815 4264 Bibnnt
830 4229 895 4266 roro
914 4213 1016 4265 iterum
1034 4210 1119 4265 semel
1139 4211 1290 4282 Imperator
1315 4205 1346 4260 ei
