3125 4917
560 342 877 409 rnlrrsrrours.
1222 310 1306 409 xrx'

205 494 381 558 Marcionis
403 498 588 581 triumphis,
610 502 641 559 in
665 496 833 579 appendice
854 496 926 558 libri
947 500 1058 579 primi3
1093 500 1167 557 item
1188 496 1227 557 de
1245 521 1297 559 er·

204 594 359 677 peditionc
389 597 517 657 Himerii
548 596 693 657 adversus
720 596 878 657 Cretenses
913 596 1078 658 Saracenos
1108 596 1168 657 sub
1196 598 1298 659 Leone

204 692 347 776 Sapieute
371 695 475 776 dicto;
498 716 592 779 porro
618 696 657 756 de
679 694 829 777 legatione
854 695 985 757 Romani
1009 696 1161 777 Lecnpeni
1177 695 1217 767 ud
1238 696 1299 757 Hu-

205 813 316 873 gonem
342 794 448 856 ltahne
470 816 592 878 regem,
623 793 862 875 muneribusque
885 792 930 855 illi
955 815 1024 855 cum
1048 794 1300 876 Protospathario

205 892 367 954 Paschalio
386 898 418 955 in
438 915 510 955 eum
530 894 620 954 finem
640 894 759 969 missis,
781 902 817 952 ut
842 891 969 953 rebelles
992 894 1211 977 Longobardos
1224 896 1301 955 Lan·

205 990 346 1071 dulfum,
365 993 619 1075 Athcnulphum,
648 992 778 1070 francs,
809 1002 840 1052 et
865 991 948 1052 aliud
971 992 1100 1055 fratmm
1128 1016 1204 1077 par,
1226 996 1301 1056 Gai-

205 1094 335 1151 marium
357 1104 388 1153 ct
408 1094 587 1169 Gniferium,
609 1089 678 1152 illos
700 1092 832 1173 Capuae,
847 1103 878 1151 ct
900 1092 1084 1172 Beneventi,
1108 1093 1165 1157 hos
1182 1093 1301 1155 Salerni

206 1190 341 1273 regulos,
363 1194 394 1251 in
416 1190 554 1253 ordinem
576 1202 706 1273 cogeret.
748 1189 834 1251 Nitet
849 1212 972 1271 quoquc
992 1194 1023 1251 in
1045 1194 1144 1274 primo
1166 1190 1226 1254 boe
1244 1214 1302 1254 vo-

205 1286 321 1349 lumine
340 1310 409 1371 cap.
432 1291 546 1353 XCVI.
568 1311 640 1372 pag.
659 1288 717 1351 253
740 1288 821 1351 edita
839 1290 968 1355 sullicitis
989 1290 1039 1352 illa
1054 1302 1084 1352 ct
1104 1290 1189 1353 velut
1204 1292 1304 1353 diaria

205 1390 339 1449 narratio
359 1389 541 1466 seditionis,
561 1408 618 1471 per
641 1408 734 1469 quam
760 1389 800 1453 A.
820 1390 854 1453 C.
874 1389 935 1471 963
961 1402 1031 1472 post
1052 1391 1170 1451 obitum
1191 1391 1303 1452 Roma·

205 1488 238 1546 ui
258 1484 384 1548 iunioris
411 1492 443 1549 in
466 1488 544 1548 tube
564 1489 647 1568 regia
670 1487 833 1567 obortam,
858 1488 1049 1570 Nicephorum
1073 1489 1194 1550 Phocas
1213 1491 1307 1572 impc-

205 1588 253 1646 rio
283 1590 397 1667 potitus
422 1598 476 1651 est.
532 1586 637 1664 Quum
660 1606 748 1664 reru,
782 1598 854 1648 utut
882 1588 1039 1653 Cromnos
1069 1608 1193 1671 quoqne
1221 1589 1305 1651 haud

206 1685 411 1766 perfunctorie
431 1687 617 1761 narraverit,
643 1684 683 1745 ed
704 1684 837 1745 hominis
857 1696 974 1764 tamen,
995 1707 1015 1747 a
1033 1708 1096 1770 quo
1118 1697 1211 1768 caput
1229 1687 1306 1749 illud

207 1786 434 1866 nonagesimum
452 1794 569 1845 sextum
585 1781 755 1864 profectiori
771 1794 829 1861 est,
845 1782 1045 1866 diligentiam,
1061 1788 1202 1869 peritiam
1216 1797 1308 1867 atque

207 1881 297 1943 fidem
315 1904 376 1943 non
401 1883 527 1947 accedit,
555 1882 659 1960 Petet,
673 1884 852 1963 scriptorem
870 1884 974 1959 rebus,
995 1904 1092 1964 quum
1115 1894 1305 1965 gererentur,

207 1982 386 2043 interfuisse.
430 1983 494 2059 Qui
519 1980 698 2042 orientalem
720 1980 879 2040 historiam
899 1991 1016 2057 emant,
1035 1985 1188 2063 reperient
1209 1987 1241 2043 iu
1258 2005 1306 2045 se·

207 2080 309 2141 eundo
337 2080 494 2143 volumine
521 2088 723 2139 memoratum
755 2077 887 2159 aliquem
922 2078 1130 2161 Dilemicum,
1161 2083 1306 2143 Emirum

208 2178 362 2257 Amidae,
383 2178 539 2239 hominem
559 2187 590 2239 et
611 2187 766 2239 oratorem
796 2177 877 2237 abu·
899 2176 1071 2240 Chamdani
1093 2180 1306 2243 rid-Constan-

208 2280 307 2338 tinum
326 2287 468 2339 noenum
487 2279 629 2339 misem.
683 2277 747 2353 Qui
770 2274 845 2337 llbu
875 2276 1034 2337 Clramdan
1063 2278 1123 2358 (sic
1148 2281 1230 2341 enim
1250 2301 1308 2364 pro

210 2398 295 2437 more
315 2376 441 2438 illorum
463 2388 663 2459 temporum,
695 2377 836 2457 quamvis
861 2396 923 2437 non
946 2377 1019 2437 satis
1040 2387 1146 2455 reete,
1175 2399 1232 2459 pro
1254 2380 1310 2440 lbu

209 2474 370 2536 Chamden
399 2474 586 2558 appellatio)
607 2474 738 2535 fueritne
764 2472 1037 2552 Naseroddaulab,
1060 2495 1101 2536 au
1127 2478 1193 2539 eius
1217 2476 1311 2539 frater·

210 2572 444 2655 Saifoddaulah,
465 2572 555 2636 ambo
577 2582 716 2656 potentes
734 2592 791 2655 per
813 2571 933 2655 Syriam
947 2582 1039 2655 utque
1058 2574 1311 2657 Mesopotamiam

212 2675 385 2755 principes,
417 2685 448 2735 et
469 2678 501 2735 in
526 2674 654 2735 binaria
679 2669 820 2735 orientali
841 2670 997 2752 celebres,
1026 2675 1059 2734 in
1087 2680 1312 2739 commentariis

212 2775 375 2854 inquiram.
417 2770 464 2833 Ne
486 2771 602 2833 leviora
625 2770 678 2833 illa
699 2790 961 2847 commemorem,
989 2773 1022 2832 in
1052 2773 1185 2836 secundo
1209 2775 1311 2855 libro,

211 2872 286 2933 alias
306 2874 387 2933 inter
401 2873 615 2953 inscriptiones
636 2868 838 2932 litteraruma
856 2870 1032 2959 Byzantinis
1052 2871 1091 2931 ad
1115 2871 1192 2934 alios
1218 2895 1305 2957 reges

210 2980 425 3053 terrarumque
461 2969 603 3033 dominos
630 2969 820 3045 missarum,
855 2967 962 3029 baberi
992 2987 1114 3051 quoque
1134 2973 1310 3054 inscriptio·

210 3090 266 3133 ncs
287 3070 481 3149 litterarum,
506 3070 558 3133 vel
579 3089 743 3132 aurearum
764 3067 940 3158 bullarum,
965 3077 1001 3128 ut
1030 3066 1242 3150 appellabant,
1266 3070 1307 3132 ad

212 3164 485 3253 Protoayuibulum
508 3168 743 3252 Agerenorum,
780 3170 834 3249 qui
858 3176 904 3228 est
937 3165 1126 3249 llagdadicus
1156 3167 1313 3249 Chalifuh,

213 3270 287 3331 itu
324 3269 364 3333 ad
403 3268 509 3331 Indiae
542 3270 723 3349 domiuum3
770 3273 866 3350 (quae
901 3267 1058 3349 inscriptio
1084 3264 1158 3327 mihi
1189 3268 1314 3350 quidem

215 3390 363 3453 perquam
405 3372 482 3431 mira
515 3368 656 3430 accidit:
697 3388 760 3433 non
795 3371 877 3429 enim
915 3366 1028 3441 video,
1067 3364 1140 3447 quid
1176 3369 1219 3427 rei
1249 3369 1311 3451 By-

216 3473 345 3531 zantinis
372 3470 627 3552 imperatoribus,
666 3478 772 3530 nostro
804 3476 885 3526 certe
915 3464 1139 3541 Constantino,
1161 3486 1232 3526 cum
1261 3469 1313 3526 lu·

215 3570 285 3629 diae
304 3586 403 3651 regc;
433 3568 465 3629 id
490 3581 537 3631 est
562 3568 697 3629 Arabiae
714 3564 829 3641 felicis,
849 3572 885 3623 ut
904 3583 961 3645 ego
988 3562 1132 3645 equidem
1154 3568 1313 3645 existimo,

214 3688 378 3730 commune
390 3667 482 3730 fuerit
497 3668 527 3747 r)
550 3673 727 3748 comparent
743 3661 859 3724 ibidem
875 3659 935 3723 loci
953 3660 1124 3723 litterarum
1140 3663 1314 3745 inscriptio·

215 3788 273 3829 nes
291 3767 332 3828 ad
352 3766 474 3851 regulos
492 3766 637 3829 obscuros
652 3764 784 3840 iberiae,
807 3760 968 3840 Albaniae,
990 3772 1022 3822 et
1041 3761 1213 3843 Abasgiae3
1232 3761 1315 3823 unde

218 3866 259 3927 ud
279 3866 513 3949 geographicam
535 3866 676 3926 notitiam
696 3872 813 3925 tractus
836 3878 944 3921 rerem
963 3858 1121 3942 Scythiam
1150 3859 1315 3922 Anaficam

219 3968 372 4048 ver-geritis
402 3967 532 4027 accessio
558 3965 620 4027 fiat.
654 3959 866 4025 Memorantur
882 3979 1005 4043 qnoque
1023 3960 1177 4042 principes
1200 3958 1315 4043 aliquot

220 4061 395 4146 Bulgarici,
422 4084 500 4145 quos
523 4066 557 4124 iu
588 4084 680 4124 omne
704 4060 831 4123 historia
851 4059 998 4120 hacteuus
1026 4058 1141 4120 briam
1162 4061 1315 4142 requisivi.

221 4160 346 4240 Quaero
359 4164 474 4246 pariter
496 4161 690 4241 adhucdum,
713 4162 840 4244 quium
866 4157 999 4240 suerint,
1021 4168 1052 4219 et
1072 4182 1091 4221 a
1114 4182 1176 4242 quo
1200 4160 1240 4220 ad
1256 4178 1314 4219 no·
