3125 4917
375 415 428 476 or
455 409 649 478 crisinon.
679 411 812 475 auran
837 413 1004 474 ninam.
1030 416 1069 475 n.
1089 417 1142 482 m.
1205 382 1285 496 765

212 567 367 648 βασιλέως
385 567 419 628 ἒν
437 567 480 652 τῷ
501 560 632 652 ἑσπερίην
654 564 766 653 δείπνῳ
789 566 919 650 φίλους,
948 565 1155 647 μαγιλττρους,
1194 587 1290 647 πραι-

213 667 374 743 ποσίτους,
395 663 617 743 ἀνθυπάτους,
639 665 837 748 πατρικίους,
866 654 1171 747 πρωτοσπαθορίους
1190 660 1292 746 rippa-

214 767 353 836 κιαλίοος
364 812 374 842 ,
395 762 699 846 πρωτοσπαθαριλνυς
719 760 907 843 εὐνούχους,
928 763 1165 846 πριμικηρίους,
1185 757 1294 824 ὄστια-

217 863 304 946 ρίους
315 911 326 942 ,
357 861 571 943 μαγλαβίτας,
603 856 819 944 τοποτηρητιές
839 859 893 922 καί
912 861 947 924 ἐκ
966 864 1029 923 τῶν
1056 855 1219 942 ἀρχόντων
1238 860 1295 922 τοῦ

197 954 357 1044 5ἇριθμοῦ
377 956 457 1022 κατὰ
477 955 513 1022 ro*
533 958 631 1023 ποσὸν
649 961 707 1040 τῆς
726 960 893 1043 τραπέζης,
911 956 966 1021 καί
982 959 1208 1040 οτοιχουμὲνοο
1231 983 1293 1020 πα-

214 1056 256 1142 psi
275 1061 333 1123 rosi
352 1058 505 1138 βασιλέως
524 1060 580 1122 τοῦ
603 1057 704 1123 adsoni
722 1060 911 1141 adproprias,
933 1058 989 1120 καί
1011 1056 1156 1140 δι’ῆμιὸν
1176 1063 1322 1140 κλητοὶ-1)

214 1158 391 1240 pavoninam
409 1159 473 1219 τοῖν
501 1157 622 1243 φιλων,
651 1152 840 1220 ὖπολῦονται
870 1154 975 1219 οἴκαδε
996 1154 1119 1231 πάντες.
1159 1155 1239 1236 μετὰ
1261 1158 1297 1219 δὲ

214 1253 273 1338 την
301 1251 411 1338 ἐνάτην
437 1250 522 1339 sipon
543 1252 699 1333 συνάξειος
726 1257 897 1338 γινομένης,
918 1249 1165 1332 ἐξαλλάσσουσιν
1193 1252 1223 1320 οἱ
1241 1257 1298 1336 τῆς

218 1351 388 1437 συγκλήτου
409 1351 538 1434 πάντες,
559 1356 615 1416 καί
637 1357 693 1437 τῆς
712 1355 803 1426 θείας
822 1354 1020 1438 λειτουργίας
1040 1354 1075 1416 ἐν
1094 1356 1137 1438 τῷ
1158 1355 1224 1439 voigi
1241 1356 1300 1417 rori

182 1450 330 1536 ΙΟΦιὶρου
351 1453 552 1536 τελουμένης,
573 1449 654 1533 μετὰ
675 1451 732 1536 την
753 1449 929 1537 ἑκφιόνηοιν
948 1455 1007 1515 τοῦ
1026 1456 1183 1534 μυστικοῦ
1204 1449 1300 1534 ι’ργά-

217 1574 273 1616 νου
295 1549 526 1619 ἑκδιδύσκονται
549 1546 662 1625 πάντες
681 1546 735 1626 τας
755 1545 878 1616 ἑαυτῶν
900 1547 1031 1631 στολὰς,
1062 1553 1119 1614 καί
1136 1552 1301 1614 incideriti-

218 1672 346 1713 σκοντυι
369 1647 407 1713 ui
431 1653 529 1713 οἰκεία
551 1649 793 1733 οκαραμάγγια,
823 1647 878 1713 καί
908 1651 1035 1713 ἵσταται
1062 1646 1097 1712 τὸ
1132 1647 1300 1732 κλητώριον

219 1748 253 1810 ἒν
272 1751 315 1834 τῷ
336 1744 589 1834 περιφανεστάτιρ
609 1748 754 1833 τρικλίνῳ
777 1749 836 1811 rosi
860 1747 1083 1811 Ἰουοτινιανοῦ
1092 1796 1102 1826 ,
1134 1749 1189 1810 καί
1212 1748 1302 1811 εἰσά-

219 1867 327 1927 γονται
348 1842 458 1921 πάντες
471 1843 500 1908 οἱ
521 1846 703 1928 κεκλημένοι
723 1842 801 1924 μετὰ
822 1847 885 1908 τῶν
907 1847 1029 1909 οἰκειλον
1052 1849 1291 1929 σκαραμαγγίωτ

184 1941 276 2006 ihrer*
293 1943 406 2022 μόνον·
444 1939 523 2024 μετὰ
547 1945 582 2007 δὲ
603 1939 661 2026 την
681 1944 822 2008 ἐπίδοσιν
839 1945 902 2008 ταῖν
929 1944 1071 2030 φατλίοον
1099 1947 1302 2029 συνεξέρχον-

221 2064 275 2104 ται
295 2040 374 2125 ἦμῖν
394 2037 426 2106 οἱ
450 2040 574 2115 πάντες.

490 2155 574 2229 Ἀρχὴ
591 2157 647 2214 τῶν
665 2161 828 2231 κλητυρλυν
843 2163 897 2212 τοο
912 2159 1019 2230 πάσχα.
1317 2158 1452 2228 Edisddi

300 2251 345 2320 ‘H
363 2257 398 2321 δὲ
422 2257 496 2340 ἁγία
527 2262 583 2325 καί
613 2261 824 2345 δεδοξασμένη
851 2265 909 2344 τῆς
937 2263 1082 2347 Χριστοῦ
1107 2255 1310 2332 ἀναστάσεως

227 2352 401 2438 περιφανης
431 2356 550 2440 ἡμέρα,
582 2361 615 2421 ἐν
635 2351 654 2443 η
676 2358 711 2422 τὸ
732 2361 789 2442 τῆς
816 2358 971 2441 σοντηρίας
1002 2359 1092 2440 ἡμῶν
1119 2351 1308 2438 οἰκονομηθη

186 2449 410 2535 οοκεφιίλαιον,
430 2452 486 2515 καί
504 2452 521 2516 o‘
542 2451 650 2534 χοϊκός
668 2453 776 2534 Ἀδὰμ
790 2457 825 2518 ἐκ
844 2458 900 2535 τῆς
915 2457 1040 2538 φθορᾶς
1059 2451 1138 2537 πρὸς
1152 2451 1210 2536 την
1226 2450 1307 2533 ζωὴν

229 2553 421 2633 ἐπανῆλθεν,
450 2548 599 2634 λαμπράν
616 2573 686 2614 τινα
706 2549 761 2614 κατ’
778 2554 982 2634 περίβλεπτον
1002 2549 1141 2632 τοίωχιαν
1160 2559 1227 2624 τοῖς
1246 2548 1471 2628 {ta-himin·

226 2654 368 2718 σιλεῦσιν
398 2649 489 2732 ἡμῶν
521 2650 751 2732 προσεξένησεν.
790 2646 826 2712 τὸ
848 2645 910 2731 γὰρ
930 2642 1012 2730 ὕψος
1039 2651 1095 2730 τῆς
1119 2647 1208 2732 ἱερᾶς
1232 2647 1310 2711 α’να-

227 2751 367 2823 στάοιιος
385 2747 542 2828 μυστικαῖς
564 2747 788 2830 ὑποφαίνοντος
808 2749 842 2810 ἐκ
862 2749 925 2810 τῶν
943 2743 1029 2810 κάτω
1049 2748 1215 2829 sco-irionis
1234 2744 1310 2810 iov-

228 2845 304 2921 τούς
331 2844 566 2930 ουναπάραντες
594 2845 671 2931 πρὸς
701 2840 830 2930 ὑψηλήν
859 2869 932 2909 τινα
963 2842 1020 2909 κατ’
1045 2841 1221 2909 πολυκυδον
1253 2849 1313 2910 τοῦ

230 3026 414 3098 praepositos,
431 3028 620 3093 proconsules,
638 3030 781 3095 patricios,
799 3029 1032 3099 protospatharios
1049 3029 1191 3091 officiales,
1215 3040 1311 3099 proto-

231 3097 382 3167 spatharios
401 3095 555 3158 eunuchos,
584 3099 765 3164 primicerios,
793 3100 931 3160 ostiarios,
950 3099 1122 3166 magtahitas,
1144 3107 1311 3169 tepoteretas

231 3177 260 3219 et
277 3175 411 3220 rectorum
430 3165 541 3217 a'rithmi
561 3166 693 3235 quosdam
719 3183 768 3236 pro
793 3169 939 3234 capacitate
960 3184 1078 3219 mensae.
1115 3169 1246 3221 Convivia
1267 3173 1310 3220 in·

231 3238 310 3289 terim
336 3251 384 3303 per
411 3235 499 3303 ipsum
517 3235 910 3301 imperatorem-coordinato‚
941 3239 1091 3307 amicisque
1114 3253 1196 3304 opera
1220 3248 1311 3291 nostra

231 3306 369 3368 invitatis,
398 3304 507 3356 domurn
534 3303 677 3356 discedunt
704 3322 805 3356 omnes·
842 3307 906 3357 Post
925 3323 1024 3358 nonam
1049 3323 1112 3358 vero
1140 3307 1195 3360 diei
1216 3307 1311 3360 horam

231 3391 387 3446 congressus
406 3375 441 3425 ad
459 3391 532 3426 saera
551 3373 700 3442 peragenda
721 3377 766 3436 m,
789 3382 951 3445 mutantque
976 3376 1107 3429 senatorii
1132 3393 1224 3428 omnes
1249 3395 1312 3430 suns

231 3454 334 3507 vestes,
353 3445 501 3516 divinoque
519 3445 605 3497 ossieio
626 3445 653 3496 in
673 3447 775 3513 tempto
794 3443 872 3497 Phari
891 3454 1015 3514 peracto,
1040 3456 1182 3516 postquam
1203 3450 1313 3501 intona-

231 3519 302 3567 verit
319 3523 452 3566 secretum
471 3531 614 3585 organum,
633 3525 738 3566 eruunt
758 3530 853 3566 omncs
871 3533 933 3568 suas
951 3517 1035 3568 stolas
1063 3527 1091 3569 et
1113 3517 1315 3586 superinduunt

233 3604 281 3638 sua
304 3585 491 3652 scaramangia.
534 3586 603 3635 Turn
629 3585 734 3636 orditur
758 3586 912 3637 convivium
930 3586 960 3637 in
984 3587 1168 3639 illustrissimo
1194 3589 1314 3642 triclinio

233 3656 390 3716 iustiniani,
402 3662 430 3704 ct
442 3654 651 3706 introducuntur
666 3671 757 3707 (amnes
770 3655 879 3706 inritati
892 3657 921 3707 in
935 3656 991 3708 suis
1001 3657 1189 3726 scaramangiis
1200 3667 1314 3712 tantum.

234 3726 339 3778 Eseuut
357 3731 448 3777 autem
466 3723 609 3776 nobiscum
628 3724 818 3794 uuusquisque
837 3740 899 3774 crrnr
917 3741 1007 3788 cerco,
1025 3743 1107 3796 quem
1125 3738 1220 3780 nactus
1238 3738 1288 3782 est.

538 3844 645 3878 tntrtuu
666 3845 850 3880 convivwnul
868 3845 1016 3881 PASCMTIS·

304 3929 417 3980 Sanctus
436 3937 464 3980 et
481 3929 614 3999 gloriosus
633 3937 715 3998 atque
734 3930 859 4002 undique
877 3935 1038 4001 conspicuus
1056 3935 1115 3987 dies
1136 3933 1316 3988 celebrandae

237 4001 427 4051 resurrectioni
437 3999 538 4052 Christi
558 4015 573 4047 a
592 3999 705 4052 mortuis
724 4016 815 4062 sacer,
833 4018 887 4070 quo
906 4019 1005 4055 corona
1024 4005 1151 4073 imposita
1172 4005 1226 4057 fuit
1240 4005 1317 4072 operi

236 4073 344 4117 nostrae
370 4069 565 4132 redemtionis,
591 4075 619 4120 et
643 4081 766 4122 terrenus
784 4071 869 4121 adam
893 4087 908 4121 e
927 4076 1103 4141 corruptione
1119 4075 1155 4124 ad
1173 4075 1253 4128 vitain
1273 4091 1318 4124 re-

236 4135 305 4201 diit;
323 4137 371 4188 iiie
389 4140 445 4191 dies
464 4146 585 4207 praestat
602 4142 700 4192 nostris
721 4141 846 4192 Dominis
864 4144 1032 4194 occasionem
1051 4142 1223 4212 sptendidnm
1239 4151 1267 4194 et
1282 4146 1319 4195 it-

237 4205 323 4258 irratre
343 4210 498 4260 convivium
523 4209 697 4261 instituendi.
716 4210 849 4262 Volentes
868 4228 967 4281 nempe
988 4223 1096 4265 sanctae
1115 4213 1321 4265 resurrectionis

238 4275 429 4331 celsitudinem
445 4279 566 4345 mysticis
583 4280 667 4346 signis
686 4279 818 4332 exhibere
836 4286 918 4350 atquc
937 4281 1090 4346 declarare,
1113 4282 1245 4336 attollunt
1262 4300 1320 4336 seso
