3125 4917
458 1062 656 1138 IOANNIS
680 1061 885 1140 HENRICI
909 1064 1097 1181 Lulcmt

380 1179 1163 1323 'conuaurarro

328 1536 514 1613 VITA
557 1538 921 1656 ETVREBUS
964 1541 1235 1616 GESTIS

260 1696 696 1762 CONSTANTINI
749 1698 1309 1794 PQRPHYROGENlTl

345 1828 348 1833 “
561 1810 796 1867 lupi-:mous
820 1814 1013 1867 utztutlrtr.

81 2127 131 2183 Eri
141 2052 462 2183 t.meonstantini
485 2112 762 2197 Porphyrogeniti,
783 2116 869 2177 ouius
893 2134 941 2177 res
971 2135 1046 2197 pace
1067 2113 1209 2197 belloque
1236 2124 1335 2197 gestas

246 2196 380 2259 scribere
409 2216 565 2279 aggressus
594 2216 684 2274 sum,
719 2200 752 2256 in
783 2220 820 2256 ca
849 2199 913 2258 sere
936 2208 1074 2279 tempora
1101 2208 1183 2257 actas
1206 2198 1333 2273 incidit,

245 2280 356 2361 quibus
378 2280 524 2361 imperii,
551 2280 674 2339 maximi
698 2278 872 2359 quondam,
893 2290 923 2339 et
945 2290 1013 2360 post
1036 2280 1163 2340 deornm
1181 2299 1255 2360 opes
1274 2300 1336 2340 am·

245 2359 386 2442 piissimi,
395 2372 512 2423 tanturn
526 2361 635 2422 umbra
647 2361 798 2443 quaedam
815 2372 846 2421 at
861 2364 960 2444 imago
975 2373 1143 2443 superorat.
1167 2362 1337 2443 Postquam
1391 2359 1395 2363 ’

247 2442 361 2506 scilieet
382 2466 419 2505 eo
437 2452 618 2527 perventum
644 2453 732 2521 erat,
753 2453 789 2503 ut
821 2440 1031 2526 largitionibus
1060 2454 1113 2504 aut
1132 2448 1225 2505 armis
1254 2447 1338 2505 riam

247 2524 306 2587 sibi
330 2528 371 2589 ad
394 2548 522 2610 regnum
544 2524 669 2609 plurimi
692 2536 856 2607 pararent,
878 2525 990 2587 scelere
1008 2538 1131 2609 parturn
1152 2529 1283 2609 pessima
1306 2537 1339 2587 et

249 2608 455 2669 crudelissime
481 2619 637 2693 gererent,
658 2606 806 2669 fluctuare
833 2608 1022 2689 respublica,
1050 2620 1081 2669 et
1110 2630 1130 2669 a
1159 2611 1221 2671 suis
1244 2620 1338 2670 resto·

250 2690 337 2753 ribus
358 2690 506 2753 ¹destituta
531 2696 564 2752 in
584 2690 723 2751 infimam
748 2692 915 2772 perniciem
937 2689 1046 2751 adduci
1071 2691 1182 2773 coepit.
1224 2690 1339 2753 Civiles

251 2777 333 2835 enirn
357 2773 526 2836 discordiae
554 2784 585 2835 et
613 2784 751 2856 potentes
773 2793 936 2855 procerum
966 2772 1132 2852 factiones,
1160 2796 1231 2835 oum
1252 2794 1338 2835 sum·

250 2878 334 2918 mam
359 2868 537 2939 potestatem
561 2856 656 2917 adse
680 2876 789 2938 rapere
814 2854 924 2954 singuli
950 2854 1084 2934 vellent,
1106 2860 1209 2918 omnia
1228 2858 1340 2918 misere

251 2940 442 3001 turbaruntr
476 2952 508 3000 at
538 2937 698 3017 caedibus,
728 2950 782 3001 aut
810 2942 956 3022 rapinis,
986 2950 1040 2999 aut
1066 2940 1239 3017 veneficiis,
1260 2959 1340 3021 qttae

123 3018 127 3027 '
250 3021 379 3084 lectores
405 3044 527 3105 quoquc
547 3022 648 3083 taedio
670 3018 826 3097 afficiunt,
847 3021 1057 3098 obscuratam,
1086 3038 1156 3079 raro
1179 3019 1219 3079 ad
1246 3040 1338 3104 nepo·

250 3114 296 3165 tes
316 3105 545 3168 transtulerunt.
585 3106 635 3164 Sic
665 3104 728 3163 Leo
750 3102 825 3163 olim
860 3102 1033 3180 isauricus,
1062 3102 1105 3161 sic
1128 3099 1340 3183 Nicepboms,

251 3188 295 3247 sic
321 3186 453 3247 Micba'e'l
478 3184 612 3261 Balbus,
634 3186 677 3244 sic
699 3183 828 3244 liasilius
854 3181 1006 3261 Macedo,
1027 3182 1217 3245 Constantini
1236 3206 1339 3264 avus,

252 3268 293 3328 ab
319 3267 444 3348 ignobili
471 3268 589 3349 origine
623 3263 662 3325 ad
693 3285 869 3347 supremum
905 3267 1058 3348 fastigium
1100 3270 1238 3349 provecti
1272 3288 1341 3329 me·

252 3361 427 3411 morantur.
469 3349 577 3410 Virtus
602 3367 695 3431 porro
714 3359 745 3409 et
771 3347 868 3433 gloria
890 3348 1099 3409 Romanorum
1132 3352 1341 3428 exercituum,

252 3436 354 3494 nuruis
377 3443 408 3493 et
431 3430 560 3513 publicis
584 3434 788 3492 monumentis
804 3430 959 3513 quondam
987 3430 1150 3510 celebrata,
1170 3432 1285 3493 desidia
1310 3440 1342 3493 et

252 3518 448 3577 martiatum
471 3511 562 3595 plane
591 3524 776 3593 evanuerat,
805 3514 956 3597 praesidia
981 3514 1154 3597 regionibus
1176 3516 1340 3597 imposita,

255 3597 338 3659 houd
357 3596 492 3659 invalida
515 3596 568 3659 illa
594 3596 730 3679 quidem,
752 3608 806 3658 aut
820 3600 944 3681 exigna,
965 3595 1046 3657 hosti
1069 3598 1161 3657 feroci
1179 3607 1210 3656 et
1230 3594 1341 3655 callido

254 3700 320 3742 non
339 3678 550 3757 sufficiebant,
577 3701 634 3741 nec
661 3679 725 3740 ulla
751 3702 820 3763 spes
843 3683 875 3741 in
903 3677 1022 3740 auxiliis
1047 3679 1244 3739 finitimarum
1266 3698 1342 3759 gen-

255 3765 333 3823 tium
351 3774 437 3840 erat,
457 3762 529 3825 licet
549 3765 581 3823 in
601 3766 774 3845 provincias
796 3763 963 3845 descriptae
985 3762 1075 3821 urbes
1088 3758 1245 3839 praesectis
1266 3759 1343 3821 sub-

255 3846 352 3905 iectae
374 3854 484 3904 essent.
527 3845 608 3906 Hinc
629 3846 886 3927 opportunitatem
914 3842 1094 3905 contermini
1117 3840 1223 3925 populi
1246 3844 1341 3921 nacti,

257 3925 332 3987 fines
364 3927 449 4005 regni
484 3928 579 4007 magis
617 3930 773 4007 magisque
804 3931 1054 4001 imminuerunt,
1081 3944 1145 3985 non
1178 3925 1344 3988 ambitione
1391 3965 1394 3972 ·

258 4017 313 4069 sut
336 4002 537 4066 aemulatione
559 4007 695 4089 gloriae,
709 4009 770 4079 ‚sed
788 4009 871 4089 quod
885 4008 1020 4089 angustis
1037 4009 1175 4069 terminis
1194 4012 1343 4071 immensa

257 4087 422 4152 multitudo
432 4090 578 4148 contineri
596 4108 658 4149 non
672 4099 803 4169 poterat,
824 4090 864 4150 ad
881 4110 966 4149 arma
974 4091 1195 4151 commovenda
1211 4094 1342 4153 excitati.

259 4172 397 4236 Turbata
412 4174 475 4233 iam
494 4168 611 4233 dudum
631 4168 745 4253 Apulia
766 4181 797 4233 et
822 4170 964 4236 Calabria
986 4183 1064 4255 emt,
1086 4172 1190 4237 Sicilia
1202 4174 1343 4255 nutabat,
