3125 4917
337 412 392 474 nu
418 407 612 475 cutmen.
639 410 774 476 numu
802 414 968 480 emur.
1001 421 1041 481 u,
1064 422 1112 490 rt
1178 392 1256 480 561

195 578 269 635 τους
289 560 319 624 oi
337 562 503 643 βασιλικοὶ,
532 563 588 625 καῖ
606 554 668 625 dul
689 564 751 628 τῶν
774 565 874 631 ἐκεῖσε
892 564 1076 637 ἱππεύουσιν
1102 570 1130 637 οῖ
1151 572 1264 637 δεσπό-

194 683 248 723 ται
267 658 324 725 καὶ
341 654 546 743 όπέρχονται·
559 662 657 744 μέχρι
675 664 733 725 τοῦ
760 659 821 740 ἔξω
841 666 1038 748 προπυλαίου
1068 672 1128 734 τοῦ
1145 673 1190 747 εἷς
1209 668 1265 737 τόν

195 754 344 841 ἔμβολον,
372 761 427 821 καί
456 760 519 821 τῶν
547 760 650 823 ἵππιον
675 759 774 824 ε’κεῖσε
803 761 990 846 ἆποβόνιες,
1020 761 1204 849 διέρχονται
1223 767 1263 834 τό

194 854 317 935 σκαλέοι,
338 856 393 919 καί
411 855 589 939 διέρχονται
609 854 664 919 διὰ
684 860 741 921 τοῦ
760 855 838 944 πρός
855 853 1009 947 ἀνατολὴν
1025 864 1130 943 δεξιοῦ
1148 851 1266 954 μέρους

175 954 252 1017 drusi
271 953 436 1037 λουτῆρας.
476 954 575 1017 ἐκεῖσε
602 954 663 1039 γάρ
686 958 829 1022 ἵστανται
859 960 1082 1044 καῖ’δέχονται
1109 962 1183 1041 rosit
1213 967 1265 1031 δε-

192 1046 310 1127 σπότας
329 1050 361 1115 οἲ
379 1075 413 1114 τε
424 1045 589 1135 μα’χιοτροι
606 1053 662 1119 καί
682 1058 838 1141 πατρίκιοι
858 1056 914 1123 καί
931 1058 960 1123 οἱ
981 1059 1086 1125 λοιποὶ
1103 1070 1266 1149 συγκλητι-

191 1146 244 1211 stoi
262 1148 317 1211 καί
334 1150 489 1230 βασιλικοὶ
508 1140 687 1235 ἅνθρωποι,
717 1152 773 1218 καί
792 1152 853 1219 ἀπὸ
871 1158 933 1220 τῶν
952 1160 1051 1223 ἐκεῖσε
1071 1162 1287 1246 εἷσέρχονταιΒ

192 1243 223 1311 οἱ
242 1244 392 1311 δεσπόται
411 1247 456 1323 εἰς
477 1245 532 1312 τόν
551 1246 713 1335 νόρδρκα,
732 1254 789 1317 κατ’
807 1254 1065 1339 περιβαλλόμενοι
1084 1254 1123 1323 τό
1142 1284 1262 1345 χρυσο-

191 1344 388 1429 περέκλειστα
406 1343 513 1429 σικχέα,
534 1338 685 1414 ἅπτουσιν
702 1347 817 1435 κρροός
837 1352 953 1427 εἰςτὰς
970 1357 1137 1434 βασιλικός
1155 1358 1268 1437 πόλος.

156 1442 251 1509 ιοκαί
271 1442 390 1517 εόθὲιος
410 1439 607 1527 εἰσέρχονται
634 1448 689 1510 καί
707 1448 885 1530 διέρχονται
909 1448 962 1513 διό
984 1451 1083 1531 μέσου
1109 1457 1167 1519 τοῦ
1188 1458 1267 1520 ναοῶ

192 1537 248 1603 καί
264 1542 320 1623 τῆς
340 1540 497 1623 σαλαέας,
518 1541 574 1606 καί
592 1540 686 1608 πόλιν
706 1539 857 1610 ἅπτουσιν
876 1544 990 1630 κηροός
1008 1547 1068 1625 ἔξω
1087 1554 1150 1615 τῶν
1169 1548 1267 1635 ἄνιἰον

190 1641 301 1722 θυρῶν
307 1687 317 1717 ,
343 1638 611 1722 κατ”εἰσέρχονται
632 1642 677 1713 εἰς
696 1639 732 1704 τό
754 1638 843 1721 ἅγιον
873 1642 1115 1729 θυσιαστήριον,
1148 1648 1201 1713 καί
1229 1652 1269 1713 ιῖ-

191 1736 364 1813 σιιόζονται
382 1730 439 1818 τὴν
458 1732 593 1817 ε’νδυτὴν
613 1734 668 1797 καδ
697 1733 755 1819 τήν
780 1738 839 1815 τοῦ
864 1738 1027 1822 μάρτυρος
1046 1742 1139 1824 όχέαν
1158 1746 1288 1828 κόραν,·

192 1833 248 1897 καί
267 1833 448 1915 διέρχονται
468 1830 522 1895 διό
552 1834 608 1895 τοῦ
628 1830 707 1916 πρός
727 1832 882 1911 ἀνατολὰς
910 1839 967 1899 τοῦ
986 1836 1125 1919 βήματος
1142 1834 1270 1925 οἷριστε-

158 1932 253 2017 ιὸροό
272 1931 410 2015 μέρους,
447 1928 502 1994 καὶ
525 1931 561 1994 έν
587 1932 632 2017 τῷ
651 1931 750 1996 ἐκεῖσε
776 1934 949 2021 τετρασέριρ
971 1934 1182 2019 εἰσέρχονται,
1218 1943 1273 2005 καὶ

191 2025 288 2094 πόλιν
302 2025 363 2092 ainsi
377 2031 440 2091 τῶν
452 2025 562 2112 ἱερέων
578 2030 792 2114 προσφέρεται
807 2029 827 2115 ἡ
844 2028 918 2113 ἁγία
931 2030 1021 2116 κόρα,
1039 2035 1094 2097 καί
1105 2033 1199 2100 πάλιν
1212 2060 1272 2118 με-

192 2124 233 2191 τό
255 2127 358 2211 κηρῶν
374 2122 435 2189 siud
453 2128 515 2191 τῶν
533 2126 688 2190 δεσποτῶν
703 2136 928 2211 προσκυνεῖται,
941 2126 997 2193 καί
1009 2124 1061 2193 ἀπ’
1079 2131 1175 2217 αότῆς
1190 2141 1299 2217 λαμ-ρ

193 2221 344 2307 βόνουσιν
358 2219 447 2307 όχιον
463 2218 680 2309 όπομόρισμα,
712 2225 766 2288 καί
782 2228 962 2310 ἐξέρχονται
975 2228 1019 2303 εἰς
1033 2226 1067 2293 τό
1087 2230 1212 2317 ε”ξόερον
1226 2234 1271 2310 εἰς

193 2320 340 2388 τὸέκεϊσε
360 2320 614 2407 όναδενδρόδιον,
640 2316 761 2385 κόκεῖσε
783 2322 1009 2403 σκεπαζόμενοι
1026 2328 1212 2409 ἐκβάλλουσι
1229 2330 1271 2395 τό

155 2417 423 2505 υοσκαραμόχγια,
447 2419 502 2484 καὶ
519 2419 645 2501 κολόβια
665 2418 918 2503 περιβαλλόμενοι
938 2417 1198 2510 όποστρέφουσιν,
1219 2452 1271 2493 κε-

194 2516 339 2583 λεόουσιν
355 2515 494 2604 ἔφιπποι,
510 2522 606 2603 μέχρι
621 2519 677 2583 τοῦ
694 2519 860 2601 παλατιόυ,
876 2517 1034 2585 κελεόουσι
1051 2526 1130 2603 πλοῖ,
1148 2519 1184 2589 όν
1197 2526 1272 2609 τρό-

194 2639 252 2681 πον
271 2618 436 2702 εἰρήκαμεν
455 2613 513 2701 τῆν
532 2614 651 2681 τοότιον
670 2608 790 2703 ἄφιξιν.
811 2618 922 2699 ἰστέον,
946 2611 1007 2701 ότι,
1027 2622 1104 2684 πλοῖ
1118 2620 1272 2707 όποστρε-

195 2714 318 2804 φόντοιν
333 2719 395 2781 τῶν
409 2718 574 2800 δεσποτῶν,
593 2708 686 2793 όσονς
703 2710 743 2781 όν
752 2710 939 2782 κιλεόσιυσιν
952 2719 1196 2805 συνεστιαθῆναι
1209 2724 1272 2787 τῶν

193 2938 238 2990 ibi
255 2935 449 2990 descendentes
474 2952 509 2988 ex
531 2937 609 3008 equis
635 2934 791 2993 escendunt.
805 2952 854 3005 per
875 2938 988 3000 scalam,
1019 2945 1047 2991 et
1064 2946 1205 2995 trsnseunl
1221 2959 1273 3013 per

194 3010 315 3063 dextram
334 3007 492 3059 orientalem
514 3006 618 3075 plegem
640 3007 736 3059 luteris
753 3023 801 3058 seu
825 3006 995 3076 baptisterii,
1019 3008 1067 3059 ubi
1094 3028 1110 3063 u
1137 3013 1271 3081 magistris

194 3088 225 3131 et
242 3076 362 3146 petriciis
373 3076 540 3146 reliquisque
556 3077 699 3127 senatoriis
712 3084 741 3125 et
757 3078 943 3143 imperialibus
954 3076 1110 3132 hominibus
1128 3084 1272 3151 excipiun-

195 3156 248 3201 tur.
298 3146 379 3197 lllino
396 3146 498 3197 intrant
513 3143 543 3195 in
566 3141 742 3208 narthecern3
771 3144 819 3195 ubi
842 3146 931 3197 induti
951 3164 1011 3215 suge
1035 3165 1082 3199 sus
1108 3166 1173 3202 auro
1194 3160 1271 3220 septa

196 3214 350 3270 accendunt
370 3232 460 3267 cereos
478 3213 507 3265 in
524 3222 602 3283 porta
621 3212 748 3274 basilica,
773 3228 860 3282 eoque
885 3214 979 3277 laeto,
1004 3214 1108 3267 intrant
1133 3216 1161 3269 in
1181 3220 1271 3273 eecle-

196 3288 281 3351 sism,
298 3292 440 3339 transeunt
460 3301 509 3353 per
535 3299 616 3336 nsum
633 3289 662 3335 et
683 3298 732 3365 per
749 3282 872 3345 soleam,
895 3300 986 3335 rursus
1003 3285 1155 3338 seeenslunt
1177 3305 1270 3343 cereos

197 3373 287 3409 eoram
304 3355 402 3408 sanetis
423 3353 545 3416 loribus,
563 3353 665 3405 inuans
683 3368 712 3404 rn
730 3350 944 3418 thysiasterium,
968 3354 1121 3407 osculantur
1144 3357 1270 3424 endytarn
1324 3363 1328 3385 ¹

197 3435 227 3480 et
245 3435 366 3479 sanetum
383 3424 505 3491 martyris
523 3430 617 3491 eaput3
641 3429 699 3473 tum
718 3428 860 3475 transeunt
881 3439 931 3491 per
954 3421 1090 3475 sinistram
1111 3426 1271 3481 orientalem

196 3498 302 3569 plagam
326 3495 439 3548 lsemetis
457 3503 486 3546 et
505 3493 609 3545 intrant
633 3491 662 3542 in
680 3500 854 3554 tetraserum,
877 3488 1011 3563 quodibi
1039 3500 1081 3545 est
1099 3492 1156 3567 {seu
1173 3497 1270 3549 uellam

197 3575 315 3639 quatuor
334 3566 400 3617 seris
421 3560 572 3633 mnnitaml.
614 3560 682 3613 lllue
698 3560 766 3629 ipsis
791 3560 881 3613 denuo
900 3566 1088 3631 praesentetur
1109 3580 1125 3614 a
1145 3568 1273 3621 saeerdo·

197 3636 271 3688 tibus
292 3644 382 3687 sancte
403 3650 464 3684 earn
488 3649 535 3685 seu
553 3640 675 3683 sanetum
693 3637 788 3699 ceput;
813 3629 887 3701 quod
908 3632 1017 3683 Domini
1034 3648 1124 3685 rursus
1149 3652 1209 3687 cum
1229 3654 1274 3689 ue·

197 3706 284 3759 oensis
303 3708 388 3758 toreis
405 3703 532 3766 adorent3
546 3711 574 3753 et
592 3700 628 3751 ab
649 3702 708 3770 ipso
727 3700 864 3769 occipiunt
876 3710 997 3754 sanctum
1016 3704 1195 3770 apomyrisma
1225 3723 1273 3759 seu

199 3774 381 3830 destillantem
401 3789 487 3825 rorem
510 3771 660 3823 sanctitatis
680 3770 861 3843 unctuosuml.
899 3770 969 3822 Tum
989 3781 1090 3824 exeunt
1126 3790 1155 3825 er
1173 3782 1273 3828 utrium

198 3847 229 3898 in
247 3843 479 3896 anadendraslium
497 3839 686 3911 {quincuncem
705 3857 752 3891 seu
778 3840 963 3913 arboretuml,
989 3841 1066 3961 puod
1092 3790 1132 3895 ῖόί
1159 3852 1220 3905 est,
1245 3854 1274 3897 et

198 3914 251 3967 snb
275 3913 419 3968 testudinis
438 3910 540 3963 ambitu
560 3918 662 3963 exuunt
679 3910 880 3979 scaramangis,
905 3918 933 3961 et
958 3908 986 3961 in
1009 3918 1077 3975 uunt
1099 3908 1222 3976 colobio,
1245 3924 1275 3967 et

199 3984 231 4037 ln
260 3984 312 4037 hot
333 3992 464 4052 apparatu
486 3989 658 4033 revertuntur
678 3979 706 4030 in
733 3980 879 4047 palatium,
906 3980 962 4031 sive
987 3980 1015 4030 in
1043 3979 1137 4047 equis,
1163 3981 1220 4035 sive
1245 3986 1274 4037 iu

201 4052 346 4119 dromone3
364 4051 437 4122 quosl
458 4053 592 4121 posterius
610 4049 633 4101 si
651 4050 712 4110 liat,
731 4046 826 4101 eodem
843 4046 923 4100 modo
946 4050 977 4100 lit
999 4047 1029 4099 in
1045 4047 1133 4114 ebitu,
1148 4058 1231 4122 elque
1246 4057 1275 4105 iu

201 4122 319 4176 adventu
335 4124 438 4175 dictum
457 4122 518 4173 tuit
554 4120 583 4173 Si
602 4135 651 4188 per
669 4119 759 4170 sinum
786 4118 865 4168 maris
893 4116 1005 4170 Domini
1028 4127 1211 4185 revertuntur,
1229 4124 1274 4174 irs-

200 4198 277 4244 trant
300 4193 421 4263 ipsorum
440 4208 474 4242 ex
496 4189 622 4242 mandato
637 4188 667 4240 in
691 4188 847 4241 dromonem
863 4188 945 4239 simul
967 4204 1027 4239 cum
1049 4189 1114 4257 ipsis
1140 4194 1277 4261 quolsuot

202 4263 256 4334 ipsi
273 4264 410 4315 voluerint
433 4260 615 4331 iusserintque
636 4274 776 4327 procerum
802 4271 835 4309 eo
861 4254 907 4310 die
927 4272 1016 4310 secum
1039 4259 1151 4328 epulari.
1225 4279 1275 4315 νη.

239 4367 438 4422 &montium
452 4360 584 4433 Porphyr.
611 4362 668 4415 Vol·
685 4361 709 4413 Ι.
945 4396 947 4401 -
1047 4360 1081 4414 36
1179 4416 1181 4425 ,
