3125 4917
611 358 925 425 amasiones.
1258 361 1330 424 xx!

245 514 277 572 iu
297 520 428 593 utraque
448 508 598 573 involucri
622 510 727 573 tabida
757 513 888 595 insignis
912 513 998 595 regui
1025 510 1191 595 Hungariei
1218 523 1249 574 et
1270 514 1331 574 llo·

242 610 353 671 bemici
379 612 619 693 conspiciuntur.
672 610 786 673 Adhuc
818 610 895 672 alius
929 610 1061 693 denique
1089 611 1197 673 titulus
1223 612 1331 675 ordine

243 720 416 792 temporum
438 712 567 793 primus,
589 723 634 773 est
653 709 705 771 hie
725 712 873 787 Graecus,
894 709 1020 793 abipso
1040 709 1331 791 Constantino,sut,

244 812 270 871 si
290 812 359 892 quis
375 806 474 888 malit,
494 830 514 871 a
534 808 658 871 librario
673 808 840 891 proiectus,
864 803 1081 888 Σύνταγμάτι
1097 807 1154 869 καί
1165 807 1331 887 deotmar

244 905 387 987 σπουδῆς
411 896 507 979 ὅπως
543 896 629 982 iiiior
657 906 805 989 ποίημα,
836 907 1044 982 compilatam
1072 919 1126 968 ant
1150 920 1331 988 congestam

244 1025 337 1088 opus,
357 1026 434 1068 ecre
453 1002 581 1087 digram
600 1008 697 1087 regiis
720 1007 818 1068 curis.
858 1005 1036 1088 Utrumque
1056 1005 1179 1089 quidem
1197 1027 1270 1068 vere
1285 1016 1332 1066 st·

244 1124 304 1186 que
322 1115 417 1167 reete.
458 1106 689 1187 Conqmrtntum
718 1108 800 1167 enim
830 1116 877 1167 est
908 1126 926 1167 e
954 1107 1048 1169 ruiis
1073 1105 1269 1184 auctoribus,
1301 1115 1333 1167 ct

246 1200 395 1284 digestum
417 1224 454 1265 eo
473 1202 576 1281 modo,
597 1224 660 1286 quo
677 1202 794 1286 lapidea
816 1206 849 1265 in
868 1224 991 1266 acervo.
1032 1201 1106 1265 Fuit
1126 1224 1249 1287 quoquo
1266 1203 1332 1287 lly-

246 1304 435 1363 aantinorum
456 1323 563 1385 regum
583 1324 646 1364 non
667 1305 793 1363 minima
812 1324 906 1380 eura,
935 1311 1080 1385 pompam
1102 1313 1133 1363 et
1149 1303 1333 1364 eerunomm

246 1398 331 1462 aulae
350 1420 423 1465 suae
442 1401 482 1463 ad
502 1402 632 1464 sormam
658 1402 717 1463 hoe
741 1401 822 1465 libro
840 1402 985 1463 traditam
1014 1401 1226 1483 conformare,
1247 1401 1332 1484 quod

244 1519 279 1559 ex
302 1498 493 1563 Lurrrarnnr
514 1501 639 1563 historia
659 1512 752 1583 patet.
804 1503 836 1565 la
858 1505 950 1581 euim,
970 1499 1091 1584 praesul
1109 1502 1249 1576 Latinus,
1268 1522 1332 1563 non

243 1600 420 1680 exiguorum
444 1602 626 1683 spirituum,
655 1622 752 1683 quum
784 1602 925 1679 videret,
945 1600 1071 1661 elerioes
1095 1600 1178 1681 apud
1200 1603 1334 1661 Graecos

243 1693 329 1757 lsieis
348 1718 410 1759 non
429 1698 588 1781 praeferri,
609 1698 728 1782 sibique
749 1697 851 1760 locum
871 1702 903 1759 in
924 1696 1022 1781 epulis
1041 1695 1249 1781 imperialibus
1269 1718 1334 1759 non

245 1805 364 1857 numm
389 1796 470 1857 inira
497 1797 676 1875 Graeculos,
698 1808 734 1859 ut
752 1794 898 1880 appellat,
918 1797 1075 1879 panicios,
1096 1794 1149 1857 red
1172 1797 1264 1855 etism
1285 1798 1334 1856 in-

243 1892 291 1955 fin
312 1898 394 1978 ipsos
414 1896 560 1980 Bulgaros
577 1900 745 1981 assiguarn
766 1898 810 1976 (id
829 1906 932 1957 autern
952 1917 989 1956 er
1009 1894 1099 1957 liuius
1119 1894 1190 1956 libri
1214 1894 1333 1975 edicto,

243 2012 344 2077 acque
366 1994 473 2076 aliter,
497 1996 561 2057 fieri
584 1996 752 2075 debebat3)
771 2006 888 2055 tantam
917 1993 1080 2055 exardebat
1107 1996 1140 2055 in
1170 1997 1249 2055 iram
1286 2004 1334 2055 at-

243 2112 306 2174 quc
325 2092 583 2176 indignationem,
612 2101 648 2157 ot
676 2116 738 2155 non
761 2093 862 2155 solum
893 2092 932 2154 de
960 2114 1046 2155 saera
1071 2113 1176 2154 mensa
1206 2112 1333 2176 surgens

242 2190 354 2269 abuet,
373 2192 428 2253 sed
446 2195 538 2255 etiam
559 2196 592 2255 in
611 2192 728 2272 libello,
748 2214 811 2277 quo
833 2192 874 2253 sd
895 2191 1026 2270 henim,
1046 2192 1193 2253 ottonem
1216 2191 1254 2269 l.,
1268 2192 1332 2252 lm·

243 2299 416 2370 perstarem
445 2292 647 2375 Saxonicum,
676 2313 748 2355 suae
772 2292 931 2375 legationis
955 2311 1110 2353 successus
1134 2293 1332 2373 perscripsit,

243 2384 451 2468 Nicephorum
480 2388 617 2449 Phoeam
642 2402 800 2474 totamque
828 2392 987 2453 Grneeinrn
1010 2388 1166 2452 coloribus
1186 2388 1331 2451 invidiam
1341 2398 1472 2453 aanvu

245 2484 395 2545 cientibus
419 2483 602 2568 denigraret.
654 2488 748 2548 Recte
773 2490 866 2569 igitur
891 2499 1015 2547 eotenus
1044 2486 1170 2568 quidem
1194 2488 1335 2567 congruit

246 2584 382 2647 Graecus
405 2585 457 2647 ille
476 2585 583 2649 titulus
602 2585 675 2647 buie
687 2588 791 2672 operi,
823 2584 868 2645 At
881 2606 917 2645 eo
937 2586 1046 2645 merito
1060 2582 1232 2668 displiceat,
1249 2584 1335 2666 quod

246 2694 461 2765 argumentum
484 2684 558 2747 libri
578 2687 645 2764 sui,
665 2683 755 2766 quale
774 2686 835 2763 ait,
853 2703 916 2744 non
939 2682 1019 2743 edat.
1059 2681 1130 2743 Non
1153 2693 1256 2745 temen
1277 2681 1335 2744 ab·

244 2782 324 2844 ludit
344 2782 385 2841 ab
408 2784 530 2863 ingenio
554 2782 682 2841 istorum
706 2791 898 2859 temporum,
927 2789 958 2837 et
978 2782 1109 2838 maxime
1129 2782 1227 2841 nostri
1250 2779 1333 2841 Con-

244 2880 389 2959 stantini,
408 2880 462 2961 qui
481 2898 599 2939 morem
619 2876 741 2939 videtur
753 2896 879 2953 amasse,
896 2872 983 2935 libais
1010 2875 1074 2935 suis
1095 2876 1277 2959 ignorabilia
1300 2888 1334 2939 et

244 2981 412 3063 incongrua
434 2980 559 3039 nomina
579 2977 779 3059 imponendi·
799 2971 1038 3050 Praestantiilli‚
1059 2996 1152 3057 qriam
1167 2996 1259 3057 supra
1270 2974 1333 3037 lau·

245 3078 331 3156 davi,
351 3076 535 3155 collectioni,
551 3087 605 3137 aut
621 3073 837 3150 Bibliothecae,
851 3071 902 3133 vel
916 3070 1222 3150 Penteeontatenclro,
1238 3074 1331 3155 quod-

245 3198 319 3239 nam
341 3198 454 3263 quaeso
478 3187 599 3261 poterat
622 3174 744 3237 inscribi
767 3193 880 3233 nornen
899 3173 1049 3254 ineptius,
1072 3192 1165 3255 quam
1186 3172 1268 3255 quod
1290 3173 1331 3234 ab

245 3288 371 3341 auctore
392 3279 573 3359 inscriptum
597 3275 667 3353 luit,
689 3267 919 3356 κεφαλαιώδεις
935 3266 1115 3343 alno-idone.
1155 3272 1254 3351 Quod
1266 3274 1332 3335 sive

244 3376 361 3441 breuia
380 3388 583 3456 argumenta,
604 3377 669 3437 rire
682 3385 872 3453 arguerem
891 3372 1048 3433 incertos
1066 3368 1175 3433 titulos
1192 3369 1331 3452 digesta,

244 3476 451 3559 interpreteris
474 3496 535 3536 non
558 3475 653 3557 magis
676 3494 713 3535 ex
739 3490 775 3533 eo
794 3470 966 3553 intelligas,
992 3470 1050 3532 uisi
1077 3467 1199 3530 aliunde
1223 3471 1330 3549 noris,

244 3573 337 3657 quale
357 3572 449 3635 luerit
470 3572 656 3635 collectionis
679 3580 892 3654 argumentum
914 3580 946 3631 et
969 3568 1056 3647 linis,
1080 3588 1175 3651 quam
1193 3566 1272 3629 nlius
1291 3566 1330 3629 li-

244 3672 313 3754 bri,
345 3674 393 3734 eui
423 3682 530 3733 auctor
556 3668 679 3733 titulum
711 3670 966 3731 Adversariorum
993 3679 1048 3728 aut
1068 3666 1329 3729 collectaneorum

244 3774 410 3856 praefigere
428 3770 569 3837 voluerit.
607 3768 721 3833 Similis
741 3780 788 3831 est
810 3766 889 3830 alter
908 3766 959 3828 ille
984 3765 1112 3843 titulus,
1133 3786 1225 3848 quem
1247 3765 1330 3824 Con·

243 3876 395 3933 atentiam
411 3872 495 3954 operi
515 3892 591 3949 suo,
611 3868 694 3953 qaod
719 3890 739 3931 a
759 3866 848 3929 nobis
875 3865 916 3927 de
941 3861 1202 3927 administrando
1229 3863 1331 3945 impe·

238 3968 295 4043 ‚rie
316 3970 404 4029 citari
425 3968 518 4048 solet,
539 3968 577 4029 ad
599 3968 772 4029 Romanurn
797 3963 893 4028 lilium
913 3966 1045 4047 scripto,
1066 3962 1258 4044 praeposuit,
1273 3980 1331 4043 φι-

244 4060 408 4145 landawe
423 4069 626 4131 exercitatio.
669 4066 743 4127 Vid.
767 4066 905 4127 Barnun.
920 4066 1006 4127 initio
1027 4072 1170 4126 nonmm
1184 4065 1223 4120 ad
1236 4061 1329 4121 istum

247 4164 383 4245 librum,
407 4166 491 4231 Tem.
514 4166 560 4235 11.
583 4167 712 4250 Antiqui.
736 4168 819 4249 Imp.
844 4163 965 4232 orient.
