3125 4917
337 440 393 504 m:
418 437 619 506 mnenon.
646 439 784 506 Amne
812 437 981 507 nunus.
1011 445 1038 507 1.
1058 445 1113 515 ω.
1193 443 1275 528 ¹29

179 590 448 670 διαβατιιιῶντῶν
469 591 569 675 ἁγίων
588 589 620 673 μ’
674 593 823 659 κάκεῖθεν
839 569 1082 678 ύηριγεούμενος
1095 591 1151 658 ὕει’
1169 593 1277 658 αντῶν

181 686 200 750 i
219 684 375 768 βασιλεύς
398 691 563 774 διέρχεται
585 686 640 754 διὰ
659 694 717 774 τῆς
739 687 865 776 δάφνης
890 690 1006 774 sicaria
1027 693 1121 774 ἁγίαν
1139 687 1276 772 τριάδα,

180 788 308 849 ιαίιιεῖσε
332 786 450 871 κηρούς
475 786 582 871 ἅψας,
604 791 765 871 ἐξέρχεται
789 788 843 852 trel
865 794 921 872 τῆς
939 793 1075 872 πλαγίας
1096 792 1154 855 τοῦ
1169 786 1303 870 βῆμα-α

183 905 234 957 τος
251 883 310 947 καί
329 887 528 969 εἰσέρχεται,
558 884 639 950 ἔνθα
658 884 698 951 τὰ
723 890 862 967 λείψανα
881 890 945 951 τῶν
963 887 1063 971 ἁγίων
1085 883 1278 967 α’τιόιιεινται,

161 975 289 1052 δύσεων
304 985 407 1047 εἰιεῖσε
427 983 560 1068 κηρούς,
583 981 738 1062 ῶσαύτως
762 981 854 1049 ἅπτει
874 983 992 1068 ιιηρούς
1010 984 1067 1050 καί
1082 989 1129 1060 εἰς
1150 982 1206 1050 τὸν
1219 988 1281 1064 βαι·

178 1081 335 1162 τιτισεῆρα
353 1076 416 1156 ἔξω
439 1085 486 1155 είς
504 1080 579 1157 τούς
592 1079 763 1168 στανρούς.
821 1079 976 1147 διοδεύων
995 1084 1032 1147 tt
1061 1081 1119 1146 διὰ
1145 1085 1204 1149 τού
1220 1082 1282 1144 ατί-ι

178 1178 352 1260 γοοστέως,
374 1179 553 1261 εἰσέρχεται
570 1183 618 1252 είς
641 1179 699 1244 τὸν
721 1175 813 1262 ἅγιον
837 1181 1017 1265 Στέφανον,
1050 1174 1140 1262 ἅψας
1162 1182 1198 1246 ‹tl
1224 1181 1282 1242 ια’-ι

179 1283 267 1338 κεῖσε
292 1273 410 1358 νηρούς
425 1274 483 1338 καί
498 1271 686 1356 ον’ξύμενος,
707 1278 887 1361 ἐξέρχεται,
910 1275 966 1339 καί
985 1279 1167 1360 εἰσέρχεται
1186 1279 1221 1341 ἐν
1237 1277 1284 1363 τῷ

178 1374 308 1435 κοιτῶνι
322 1371 439 1452 αὑτοῦ,
460 1372 667 1456 ἐκδεχόμενος
685 1372 742 1438 τὸν
758 1369 882 1458 καιρόν.
921 1376 979 1439 τοῦ
1000 1375 1036 1437 δὲ
1053 1376 1110 1456 τῆς
1125 1369 1284 1438 smarri-

143 1490 263 1542 1oesose
289 1467 487 1543 εἰσελθόντος
510 1471 568 1535 καί
590 1475 772 1554 ἐνέγκαντος
808 1467 980 1556 α’πύιιρισιν
1001 1474 1045 1560 τῷ
1067 1475 1282 1558 πραιποσίτιμ,

180 1561 232 1629 ὅτι
257 1560 421 1650 ἧγγιιιενῆ
445 1563 533 1650 ῶρα,
562 1569 743 1649 εἰσέρχεται
767 1565 785 1629 ὃ
811 1566 1037 1652 πραιπόσιτος,
1062 1568 1120 1634 καί
1136 1569 1219 1652 λέγει
1239 1568 1285 1655 spi

180 1665 406 1746 βασιλεῖ,καί
425 1666 587 1748 ἐξέρχεται
611 1662 675 1727 α’πὸ
691 1667 839 1740 κοιτῶνος
860 1665 980 1746 αὑτοῦ,
1002 1665 1060 1729 καί
1069 1665 1128 1748 την
1142 1668 1284 1748 χλανίδα

182 1762 286 1828 αὑτοῦ
308 1759 579 1846 περιβαλλόμενος
601 1761 656 1826 διὰ
677 1766 740 1828 τῶν
764 1757 984 1845 βεστητόρων,
1011 1761 1068 1826 καί
1093 1759 1286 1840 ἐξελθόντων

183 1863 300 1941 αύτῶν,
318 1863 469 1945 στέφεται
486 1861 550 1926 ύπὸ
576 1865 636 1927 τού
657 1865 870 1946 πραιποσίτοιι
896 1860 953 1924 καί
966 1864 1127 1945 ἐξέρχεται
1147 1860 1202 1928 διὰ
1227 1865 1287 1928 τοῦ
1297 1885 1321 1938 1)

146 1961 383 2041 ιὸαύγοειστέως
405 1961 451 2033 εἰς
470 1957 507 2024 τύ
527 1957 654 2039 στενὸν,
684 1955 827 2022 imarus
845 1963 1146 2044 aurovones-inplens
1160 1957 1286 2044 βαρβά-

182 2081 248 2123 των
264 2054 327 2135 ἔξω
347 2059 405 2140 τῆς
423 2052 526 2140 πύλης
546 2059 579 2134 ἔξ
601 2051 775 2136 εύωνύμων
799 2060 845 2129 είς
861 2053 896 2120 τύ
912 2061 1022 2139 βηλον,
1043 2057 1099 2120 καί
1119 2063 1177 2120 τοῦ
1188 2066 1415 2148 fluere-Meum

183 2156 265 2229 λε’ως
287 2159 390 2220 ἐκεῖσε
416 2151 498 2237 μετὰ
524 2157 587 2219 τῶν
608 2150 772 2238 ἀρχόντων
798 2155 857 2217 τού
885 2159 1109 2236 κοιιβουκλείου
1139 2153 1284 2238 στάντος,

184 2249 273 2316 νεύει
283 2256 328 2340 cpi
337 2255 544 2341 πραιποσιτρι,
567 2247 584 2315 ὅ
605 2255 640 2317 δὲ
658 2251 868 2336 πραιπόσιτος
887 2255 1001 2316 ύίύωσι
1017 2256 1118 2335 νεῦμα
1128 2256 1286 2344 τιβύστια-

187 2351 247 2437 ρίιρ
261 2351 308 2423 εἰς
321 2348 359 2414 τὸ
370 2354 472 2433 βηλον
482 2350 578 2431 κάτω,
599 2349 656 2414 καί
670 2351 869 2436 εἰσέρχονται
886 2349 914 2414 οἱ
928 2355 1088 2435 πατρίκιοι
1108 2355 1153 2426 είς
1168 2350 1203 2416 τύ
1216 2377 1287 2416 στε-

146 2446 243 2522 ηονόν
261 2446 344 2528 μετὰ
366 2452 429 2512 τῶν
451 2452 650 2534 στρατηγῶν,
671 2449 729 2513 καί
748 2452 964 2533 προσκυνοῦσι
980 2446 1035 2514 τὸν
1051 2452 1209 2533 βασιλέα,
1230 2450 1288 2515 καί

188 2543 299 2627 λαβιόν
309 2549 413 2628 νεῦμα
430 2543 448 2609 i
464 2543 674 2631 πραιπύσιτος
689 2545 779 2630 παρὰ
792 2549 850 2610 τοῦ
860 2547 1028 2628 βασιλέως,
1050 2550 1133 2630 λέγει
1154 2537 1287 2631 ‚pesleri-

188 2649 298 2709 σατε.”
320 2647 392 2733 (Β.)
423 2643 498 2712 Εἶθ’
524 2641 625 2722 οὕτως
644 2642 847 2730 ιληριγεύετιιι
872 2645 888 2707 ὁ
910 2642 1063 2724 βασιλεύς
1084 2641 1147 2708 ύπύ
1168 2670 1202 2711 τε
1218 2639 1288 2712 ’τοῦ

188 2747 433 2826 ιιοιιβοεικλειλιιι,
456 2747 630 2829 πατρικίων
647 2767 681 2808 τε
700 2741 756 2807 καί
781 2746 974 2827 στρατηγῶν,
996 2739 1149 2818 ῶσαύτοος
1182 2744 1239 2820 καί
1255 2741 1286 2808 οῖ

187 2840 392 2924 βεστητορες,
419 2841 631 2922 βαστάζοντες
655 2840 712 2911 τὸν
740 2838 897 2929 σταυρὸν,
934 2840 1115 2930 διέρχονται
1146 2836 1415 2940 Materna„

259 2974 284 3026 7.
307 2959 348 3015 είς
365 2954 398 3010 τύ
418 2956 508 3026 ἅγιον
525 2959 572 3014 ru.

192 3096 311 3145 satorem
329 3083 359 3134 in
376 3079 528 3147 hemicyclo
552 3077 655 3148 apsidis
674 3094 724 3131 scu
750 3076 892 3132 tsieoaclro
924 3079 1074 3145 excipiunt.
1115 3077 1288 3131 cubicularii

192 3174 287 3212 omncs
306 3171 357 3224 per
377 3154 498 3221 porticus
517 3149 697 3222 quadraginta
714 3147 875 3200 Sanctorum
896 3148 1015 3209 intrant,
1034 3145 1107 3199 uuile
1127 3147 1162 3197 ab
1181 3150 1215 3200 iis
1235 3149 1288 3200 sti·-

193 3239 274 3297 patus
291 3226 442 3294 lmperator
464 3238 513 3288 per
530 3219 668 3288 daplrnem
695 3216 731 3269 ael
749 3220 775 3270 S.
796 3219 942 3270 Trinitatis
959 3217 1036 3278 abit,
1055 3217 1104 3268 ubi
1122 3234 1183 3268 cum
1201 3219 1288 3270 cereis

192 3295 354 3350 ardentibus
374 3309 424 3359 per
441 3291 636 3361 obliquitatem
655 3289 768 3338 bematis
790 3289 866 3350 exit,
884 3296 912 3339 et
932 3289 1041 3346 luerim,
1060 3287 1108 3338 ubi
1130 3288 1289 3340 Sanctorum

191 3366 326 3434 reliquiae
346 3362 481 3426 repositae
500 3367 572 3419 suut,
591 3359 662 3427 petit
680 3365 709 3407 et
726 3357 777 3417 ibi,
795 3374 881 3425 aeque
898 3373 929 3404 ac
949 3358 976 3406 in
988 3358 1117 3406 exteriori
1138 3364 1216 3423 parte
1236 3355 1288 3407 ba-

189 3435 320 3508 p'istcril,
342 3431 372 3480 in
389 3430 515 3481 crucibus
527 3445 621 3482 cereos
635 3427 767 3478 accendit.
788 3427 929 3492 Digressus
948 3423 1048 3476 deiude
1067 3441 1116 3494 per
1127 3434 1289 3494 augusteum

192 3507 226 3557 sil
245 3507 272 3554 S.
294 3498 426 3568 Stephani
446 3499 524 3559 abit,
546 3498 594 3549 ubi
621 3515 682 3548 cum
700 3496 786 3547 cereis
811 3495 931 3546 accensis
958 3502 1102 3563 precatus,
1130 3495 1289 3548 cubiculum

191 3592 285 3634 suum,
313 3580 420 3636 ternpus
442 3576 664 3634 exspectaturus,
692 3567 783 3618 intrat
819 3564 949 3633 Magister
966 3565 1176 3616 cerimoniarum
1193 3565 1288 3626 veuit,

192 3655 220 3696 ct
248 3645 344 3695 boram
370 3639 512 3690 imminere
539 3638 716 3705 praeposito,
744 3638 767 3686 is
793 3635 952 3702 imperatori
986 3635 1107 3697 indicat,
1134 3635 1183 3704 qni
1203 3649 1283 3685 esne

191 3715 324 3766 cubiculo
347 3708 494 3777 egreditur,
513 3707 606 3758 tunica
624 3723 672 3754 sua
690 3703 893 3756 avertitoribus
914 3702 1035 3766 inclutus,
1054 3704 1144 3773 iisque
1163 3705 1289 3770 egressis,

191 3783 383 3850 apraeporito
402 3783 567 3836 coronatur,
595 3791 699 3843 perque
727 3783 886 3843 augusteum
911 3775 946 3826 ael
970 3783 1077 3826 steuum
1097 3771 1174 3833 abit,
1192 3781 1289 3838 proto-

192 3851 342 3918 spathariis
362 3848 482 3898 barbatis
501 3856 577 3898 estra
594 3852 700 3913 portum
720 3847 749 3895 lu
778 3847 860 3896 lutere
882 3845 995 3897 sinistro
1014 3844 1084 3893 iutra
1102 3843 1193 3892 velum
1211 3851 1289 3892 stan-

192 3921 286 3981 tibus,
307 3919 356 3968 ubi
379 3919 528 3988 imperator
547 3932 607 3968 eum
627 3914 774 3983 praesectis
796 3914 924 3965 eublenlo
943 3915 1127 3973 constitutus,
1148 3913 1290 3980 praeposi-

194 3998 238 4050 to,
260 3988 433 4056 praepositus
452 3987 565 4036 ostiario
584 3986 688 4052 siguum
715 3984 744 4034 in
771 3985 832 4035 velo
859 3983 984 4034 inferiori
1012 3982 1075 4044 slat,
1095 3989 1161 4032 tuuc
1179 3980 1289 4049 patricii

193 4067 303 4111 stcunm
323 4074 384 4108 curu
402 4057 527 4125 strategis
549 4056 669 4115 intrant,
689 4062 717 4105 et
734 4054 927 4122 imperatorem
946 4051 1077 4103 adorant:
1098 4051 1290 4119 praepositus,

193 4135 304 4193 accepto
325 4125 360 4174 ab
379 4143 412 4176 eo
432 4127 525 4194 signu,
553 4123 635 4175 dicit:
655 4123 755 4176 iubete.
802 4122 859 4192 (ll).
879 4121 923 4172 sic
940 4123 1091 4190 imperatos·
1111 4137 1125 4170 s
1144 4119 1291 4181 eubiculo,

194 4196 317 4270 patriciis
336 4201 365 4245 et
384 4195 510 4263 strategis
527 4195 663 4262 stipatur,
681 4194 824 4244 vestitores
845 4208 951 4244 crucem
971 4192 1176 4262 praeferentes,
1200 4205 1291 4241 eoram

194 4265 317 4340 patriciis
331 4271 362 4342 ct
379 4273 474 4314 senatu
496 4264 593 4317 lutosa
607 4264 782 4332 processione
798 4271 951 4323 transeunt.
966 4263 1160 4333 Imperatorem
1165 4275 1216 4332 per
1224 4258 1290 4328 pul·

232 4366 433 4424 ermemirus
448 4362 585 4435 Ροτγίιχτ.
606 4364 665 4418 Vol.
683 4364 706 4417 Ι.
1074 4379 1094 4433 9
