<?xml version="1.0" encoding="UTF-8"?>
<!DOCTYPE html PUBLIC "-//W3C//DTD XHTML 1.0 Transitional//EN"
    "http://www.w3.org/TR/xhtml1/DTD/xhtml1-transitional.dtd">
<html xmlns="http://www.w3.org/1999/xhtml" xml:lang="en" lang="en">
 <head>
  <title>
</title>
<meta http-equiv="Content-Type" content="text/html;charset=utf-8" />
  <meta name='ocr-system' content='tesseract 3.04.00' />
  <meta name='ocr-capabilities' content='ocr_page ocr_carea ocr_par ocr_line ocrx_word'/>
</head>
<body>
  <div class='ocr_page' id='page_1' title='image "./corpusscriptoru40theogoog/corpusscriptoru40theogoog_0911.png"; bbox 0 0 3125 4917; ppageno 0'>
   <div class='ocr_carea' id='block_1_1' title="bbox 406 415 1321 510">
    <p class='ocr_par' dir='ltr' id='par_1_1' title="bbox 406 415 1321 510">
     <span class='ocr_line' id='line_1_1' title="bbox 406 415 1321 510; baseline 0.016 -26"><span class='ocrx_word' id='word_1_1' title='bbox 406 423 460 484; x_wconf 85' lang='lat' dir='ltr'><em>DE</em></span> <span class='ocrx_word' id='word_1_2' title='bbox 488 419 681 486; x_wconf 70' lang='lat' dir='ltr'><strong>comblou.</strong></span> <span class='ocrx_word' id='word_1_3' title='bbox 711 415 846 484; x_wconf 69' lang='lat' dir='ltr'><strong>unuln</strong></span> <span class='ocrx_word' id='word_1_4' title='bbox 872 415 1040 484; x_wconf 77' lang='lat' dir='ltr'><strong>nYleT.</strong></span> <span class='ocrx_word' id='word_1_5' title='bbox 1069 424 1110 486; x_wconf 89' lang='lat'><em>11.</em></span> <span class='ocrx_word' id='word_1_6' title='bbox 1129 425 1180 496; x_wconf 71' lang='lat'><em>52</em></span> <span class='ocrx_word' id='word_1_7' title='bbox 1240 423 1321 510; x_wconf 90' lang='lat'><em>777</em></span> 
     </span>
    </p>
   </div>
   <div class='ocr_carea' id='block_1_2' title="bbox 207 582 1472 2928">
    <p class='ocr_par' dir='ltr' id='par_1_2' title="bbox 207 582 1472 2928">
     <span class='ocr_line' id='line_1_2' title="bbox 250 582 1357 675; baseline -0.004 -22"><span class='ocrx_word' id='word_1_8' title='bbox 250 591 376 675; x_wconf 77' lang='grc' dir='ltr'><em>έγυνται</em></span> <span class='ocrx_word' id='word_1_9' title='bbox 401 582 464 671; x_wconf 80' lang='grc' dir='ltr'><em>ὅ,τε</em></span> <span class='ocrx_word' id='word_1_10' title='bbox 489 591 548 653; x_wconf 78' lang='grc' dir='ltr'><em>τοῦ</em></span> <span class='ocrx_word' id='word_1_11' title='bbox 575 586 738 654; x_wconf 89' lang='grc' dir='ltr'><em>σακελλίυυ</em></span> <span class='ocrx_word' id='word_1_12' title='bbox 771 588 829 652; x_wconf 82' lang='grc' dir='ltr'><em>καί</em></span> <span class='ocrx_word' id='word_1_13' title='bbox 845 587 875 651; x_wconf 83' lang='grc' dir='ltr'><em>οῖ</em></span> <span class='ocrx_word' id='word_1_14' title='bbox 894 588 1052 672; x_wconf 81' lang='grc' dir='ltr'><em>ξενυδόχοι</em></span> <span class='ocrx_word' id='word_1_15' title='bbox 1072 594 1129 655; x_wconf 74' lang='grc' dir='ltr'><em>κατ’</em></span> <span class='ocrx_word' id='word_1_16' title='bbox 1145 583 1357 674; x_wconf 58' lang='grc' dir='ltr'><em>γηροκόμοιο</em></span> 
     </span>
     <span class='ocr_line' id='line_1_3' title="bbox 250 683 1471 773; baseline -0.005 -20"><span class='ocrx_word' id='word_1_17' title='bbox 250 685 458 773; x_wconf 77' lang='grc' dir='ltr'><em>προσάγοντες</em></span> <span class='ocrx_word' id='word_1_18' title='bbox 489 683 648 772; x_wconf 83' lang='grc' dir='ltr'><em>σταυροάς</em></span> <span class='ocrx_word' id='word_1_19' title='bbox 677 683 981 770; x_wconf 76' lang='grc' dir='ltr'><em>χρυσοπυιβάστους</em></span> <span class='ocrx_word' id='word_1_20' title='bbox 1010 685 1092 752; x_wconf 84' lang='grc' dir='ltr'><em>κατά</em></span> <span class='ocrx_word' id='word_1_21' title='bbox 1116 685 1249 772; x_wconf 84' lang='grc' dir='ltr'><em>μίμησιν</em></span> <span class='ocrx_word' id='word_1_22' title='bbox 1272 689 1471 768; x_wconf 75' lang='grc' dir='ltr'><em>τῆςΜε.ι56.λν</em></span> 
     </span>
     <span class='ocr_line' id='line_1_4' title="bbox 251 780 1330 870; baseline -0.002 -20"><span class='ocrx_word' id='word_1_23' title='bbox 251 781 362 870; x_wconf 73' lang='grc' dir='ltr'><em>ἑορτῆς</em></span> <span class='ocrx_word' id='word_1_24' title='bbox 381 787 448 849; x_wconf 73' lang='grc' dir='ltr'><em>τῶν</em></span> <span class='ocrx_word' id='word_1_25' title='bbox 463 785 586 868; x_wconf 74' lang='grc' dir='ltr'><em>βοέων,</em></span> <span class='ocrx_word' id='word_1_26' title='bbox 607 785 662 848; x_wconf 85' lang='grc' dir='ltr'><em>καί</em></span> <span class='ocrx_word' id='word_1_27' title='bbox 680 780 988 869; x_wconf 83' lang='grc' dir='ltr'><em>λαμπροφοροάντων</em></span> <span class='ocrx_word' id='word_1_28' title='bbox 1007 785 1150 867; x_wconf 83' lang='grc' dir='ltr'><em>πάντων,</em></span> <span class='ocrx_word' id='word_1_29' title='bbox 1171 782 1330 868; x_wconf 74' lang='grc' dir='ltr'><em>εἰσάγεται</em></span> 
     </span>
     <span class='ocr_line' id='line_1_5' title="bbox 250 876 1331 971; baseline 0 -24"><span class='ocrx_word' id='word_1_30' title='bbox 250 883 271 968; x_wconf 78' lang='grc' dir='ltr'><em>ἦ</em></span> <span class='ocrx_word' id='word_1_31' title='bbox 291 879 377 960; x_wconf 80' lang='grc' dir='ltr'><em>τάξις</em></span> <span class='ocrx_word' id='word_1_32' title='bbox 392 885 456 946; x_wconf 75' lang='grc' dir='ltr'><em>τῶν</em></span> <span class='ocrx_word' id='word_1_33' title='bbox 474 882 664 971; x_wconf 71' lang='grc' dir='ltr'><em>μαγιλττρρνν,</em></span> <span class='ocrx_word' id='word_1_34' title='bbox 688 876 890 964; x_wconf 76' lang='grc' dir='ltr'><em>ἀνθυπάτων,</em></span> <span class='ocrx_word' id='word_1_35' title='bbox 912 885 1082 968; x_wconf 73' lang='grc' dir='ltr'><em>πατρικίων</em></span> <span class='ocrx_word' id='word_1_36' title='bbox 1101 885 1157 949; x_wconf 88' lang='grc' dir='ltr'><em>καί</em></span> <span class='ocrx_word' id='word_1_37' title='bbox 1175 885 1331 970; x_wconf 74' lang='lat' dir='ltr'><strong>lippareo-</strong></span> 
     </span>
     <span class='ocr_line' id='line_1_6' title="bbox 234 974 1331 1065; baseline -0.002 -19"><span class='ocrx_word' id='word_1_38' title='bbox 234 985 330 1053; x_wconf 74' lang='grc' dir='ltr'><em>ὅλίιον</em></span> <span class='ocrx_word' id='word_1_39' title='bbox 350 978 527 1064; x_wconf 80' lang='grc' dir='ltr'><em>ἔμπροσθεν</em></span> <span class='ocrx_word' id='word_1_40' title='bbox 546 979 604 1042; x_wconf 75' lang='grc' dir='ltr'><em>τοῦ</em></span> <span class='ocrx_word' id='word_1_41' title='bbox 624 974 795 1061; x_wconf 83' lang='grc' dir='ltr'><em>δεσπότου,</em></span> <span class='ocrx_word' id='word_1_42' title='bbox 829 979 885 1044; x_wconf 85' lang='grc' dir='ltr'><em>καί</em></span> <span class='ocrx_word' id='word_1_43' title='bbox 905 982 1056 1065; x_wconf 79' lang='grc' dir='ltr'><em>διανομῆς</em></span> <span class='ocrx_word' id='word_1_44' title='bbox 1074 983 1138 1046; x_wconf 76' lang='grc' dir='ltr'><em>τῶν</em></span> <span class='ocrx_word' id='word_1_45' title='bbox 1155 984 1331 1064; x_wconf 75' lang='grc' dir='ltr'><em>λεχθέντων</em></span> 
     </span>
     <span class='ocr_line' id='line_1_7' title="bbox 252 1074 1330 1165; baseline -0.002 -19"><span class='ocrx_word' id='word_1_46' title='bbox 252 1083 410 1164; x_wconf 84' lang='grc' dir='ltr'><em>σταυρέυυν</em></span> <span class='ocrx_word' id='word_1_47' title='bbox 428 1074 490 1142; x_wconf 79' lang='grc' dir='ltr'><em>άπὸ</em></span> <span class='ocrx_word' id='word_1_48' title='bbox 511 1081 569 1142; x_wconf 76' lang='grc' dir='ltr'><em>τοῦ</em></span> <span class='ocrx_word' id='word_1_49' title='bbox 588 1079 742 1160; x_wconf 81' lang='grc' dir='ltr'><em>βασιλέως</em></span> <span class='ocrx_word' id='word_1_50' title='bbox 761 1081 933 1164; x_wconf 76' lang='grc' dir='ltr'><em>γενομένης,</em></span> <span class='ocrx_word' id='word_1_51' title='bbox 955 1085 1110 1160; x_wconf 82' lang='grc' dir='ltr'><em>τελεῖται,</em></span> <span class='ocrx_word' id='word_1_52' title='bbox 1133 1075 1177 1155; x_wconf 75' lang='lat' dir='ltr'><em>uie</em></span> <span class='ocrx_word' id='word_1_53' title='bbox 1196 1078 1330 1165; x_wconf 85' lang='grc' dir='ltr'><em>ἔφαμεν,</em></span> 
     </span>
     <span class='ocr_line' id='line_1_8' title="bbox 253 1171 1331 1262; baseline -0.002 -19"><span class='ocrx_word' id='word_1_54' title='bbox 253 1179 390 1262; x_wconf 81' lang='grc' dir='ltr'><em>δημοσία</em></span> <span class='ocrx_word' id='word_1_55' title='bbox 418 1177 554 1252; x_wconf 88' lang='grc' dir='ltr'><em>λιτάνιυς</em></span> <span class='ocrx_word' id='word_1_56' title='bbox 582 1181 766 1260; x_wconf 86' lang='grc' dir='ltr'><em>πρυέλευσις</em></span> <span class='ocrx_word' id='word_1_57' title='bbox 794 1171 856 1242; x_wconf 84' lang='grc' dir='ltr'><em>άπὸ</em></span> <span class='ocrx_word' id='word_1_58' title='bbox 878 1182 937 1242; x_wconf 78' lang='grc' dir='ltr'><em>τοῦ</em></span> <span class='ocrx_word' id='word_1_59' title='bbox 962 1181 1042 1244; x_wconf 82' lang='grc' dir='ltr'><em>ναοῦ</em></span> <span class='ocrx_word' id='word_1_60' title='bbox 1060 1179 1117 1261; x_wconf 77' lang='grc' dir='ltr'><em>τῆς</em></span> <span class='ocrx_word' id='word_1_61' title='bbox 1137 1177 1229 1261; x_wconf 83' lang='grc' dir='ltr'><em>άγιάς</em></span> <span class='ocrx_word' id='word_1_62' title='bbox 1250 1179 1331 1242; x_wconf 84' lang='grc' dir='ltr'><em>Θεο-</em></span> 
     </span>
     <span class='ocr_line' id='line_1_9' title="bbox 250 1273 1330 1362; baseline -0.003 -19"><span class='ocrx_word' id='word_1_63' title='bbox 250 1275 344 1343; x_wconf 83' lang='grc' dir='ltr'><em>τόκου</em></span> <span class='ocrx_word' id='word_1_64' title='bbox 363 1277 421 1340; x_wconf 68' lang='lat' dir='ltr'><strong>rori</strong></span> <span class='ocrx_word' id='word_1_65' title='bbox 441 1276 552 1362; x_wconf 83' lang='grc' dir='ltr'><em>Φάρου</em></span> <span class='ocrx_word' id='word_1_66' title='bbox 575 1274 630 1339; x_wconf 87' lang='grc' dir='ltr'><em>έπί</em></span> <span class='ocrx_word' id='word_1_67' title='bbox 649 1273 703 1341; x_wconf 85' lang='grc' dir='ltr'><em>τὸν</em></span> <span class='ocrx_word' id='word_1_68' title='bbox 732 1280 936 1361; x_wconf 75' lang='grc' dir='ltr'><em>περίβλεπτον</em></span> <span class='ocrx_word' id='word_1_69' title='bbox 957 1275 1033 1342; x_wconf 84' lang='grc' dir='ltr'><em>ναὸν</em></span> <span class='ocrx_word' id='word_1_70' title='bbox 1050 1280 1105 1362; x_wconf 79' lang='grc' dir='ltr'><em>τῆς</em></span> <span class='ocrx_word' id='word_1_71' title='bbox 1122 1274 1260 1361; x_wconf 83' lang='grc' dir='ltr'><em>μεγάλης</em></span> <span class='ocrx_word' id='word_1_72' title='bbox 1278 1279 1330 1341; x_wconf 74' lang='lat' dir='ltr'><strong>se&#39;-</strong></span> 
     </span>
     <span class='ocr_line' id='line_1_10' title="bbox 253 1371 1328 1459; baseline 0 -21"><span class='ocrx_word' id='word_1_73' title='bbox 253 1399 292 1450; x_wconf 84' lang='grc' dir='ltr'><em>εις</em></span> <span class='ocrx_word' id='word_1_74' title='bbox 310 1373 491 1458; x_wconf 76' lang='grc' dir='ltr'><em>ἐκκλησίας,</em></span> <span class='ocrx_word' id='word_1_75' title='bbox 511 1373 569 1436; x_wconf 86' lang='grc' dir='ltr'><em>καί</em></span> <span class='ocrx_word' id='word_1_76' title='bbox 594 1375 781 1457; x_wconf 81' lang='grc' dir='ltr'><em>τελουμένης</em></span> <span class='ocrx_word' id='word_1_77' title='bbox 808 1376 865 1456; x_wconf 81' lang='grc' dir='ltr'><em>τῆς</em></span> <span class='ocrx_word' id='word_1_78' title='bbox 886 1371 975 1457; x_wconf 78' lang='grc' dir='ltr'><em>ἱερᾶς</em></span> <span class='ocrx_word' id='word_1_79' title='bbox 994 1375 1197 1459; x_wconf 77' lang='grc' dir='ltr'><em>λειτουργίας,</em></span> <span class='ocrx_word' id='word_1_80' title='bbox 1220 1378 1328 1458; x_wconf 84' lang='grc' dir='ltr'><em>προτέ-</em></span> 
     </span>
     <span class='ocr_line' id='line_1_11' title="bbox 213 1467 1331 1559; baseline -0.003 -21"><span class='ocrx_word' id='word_1_81' title='bbox 213 1467 522 1556; x_wconf 80' lang='grc' dir='ltr'><em>εοθεταικλητάριον</em></span> <span class='ocrx_word' id='word_1_82' title='bbox 541 1470 585 1559; x_wconf 75' lang='grc' dir='ltr'><em>τῷ</em></span> <span class='ocrx_word' id='word_1_83' title='bbox 597 1474 727 1552; x_wconf 78' lang='grc' dir='ltr'><em>βασιλεῖ</em></span> <span class='ocrx_word' id='word_1_84' title='bbox 741 1470 797 1535; x_wconf 85' lang='grc' dir='ltr'><em>έπί</em></span> <span class='ocrx_word' id='word_1_85' title='bbox 814 1473 872 1535; x_wconf 81' lang='grc' dir='ltr'><em>τοῦ</em></span> <span class='ocrx_word' id='word_1_86' title='bbox 889 1474 1161 1556; x_wconf 78' lang='grc' dir='ltr'><em>χρυσυτρικλίνον,</em></span> <span class='ocrx_word' id='word_1_87' title='bbox 1182 1471 1239 1535; x_wconf 86' lang='grc' dir='ltr'><em>καί</em></span> <span class='ocrx_word' id='word_1_88' title='bbox 1255 1496 1331 1536; x_wconf 90' lang='grc' dir='ltr'><em>συν-</em></span> 
     </span>
     <span class='ocr_line' id='line_1_12' title="bbox 250 1565 1331 1654; baseline -0.004 -20"><span class='ocrx_word' id='word_1_89' title='bbox 250 1574 392 1636; x_wconf 75' lang='grc' dir='ltr'><em>εστιᾶται</em></span> <span class='ocrx_word' id='word_1_90' title='bbox 417 1578 483 1644; x_wconf 84' lang='grc' dir='ltr'><em>τοῖς</em></span> <span class='ocrx_word' id='word_1_91' title='bbox 509 1572 691 1652; x_wconf 82' lang='grc' dir='ltr'><em>βασιλεῦσιν</em></span> <span class='ocrx_word' id='word_1_92' title='bbox 718 1565 780 1650; x_wconf 72' lang='grc' dir='ltr'><em>έμε</em></span> <span class='ocrx_word' id='word_1_93' title='bbox 808 1569 1007 1654; x_wconf 78' lang='grc' dir='ltr'><em>πατριάρχης</em></span> <span class='ocrx_word' id='word_1_94' title='bbox 1041 1568 1096 1634; x_wconf 85' lang='grc' dir='ltr'><em>καί</em></span> <span class='ocrx_word' id='word_1_95' title='bbox 1122 1570 1153 1634; x_wconf 82' lang='grc' dir='ltr'><em>οἱ</em></span> <span class='ocrx_word' id='word_1_96' title='bbox 1173 1591 1331 1654; x_wconf 60' lang='grc' dir='ltr'><em>μητροπα</em></span> 
     </span>
     <span class='ocr_line' id='line_1_13' title="bbox 249 1663 1361 1754; baseline -0.004 -20"><span class='ocrx_word' id='word_1_97' title='bbox 249 1673 346 1752; x_wconf 81' lang='grc' dir='ltr'><em>λῖται,</em></span> <span class='ocrx_word' id='word_1_98' title='bbox 366 1665 544 1754; x_wconf 88' lang='grc' dir='ltr'><em>μάγιστρυι,</em></span> <span class='ocrx_word' id='word_1_99' title='bbox 564 1666 784 1753; x_wconf 88' lang='grc' dir='ltr'><em>πραιπόσιτοι,</em></span> <span class='ocrx_word' id='word_1_100' title='bbox 807 1663 1008 1750; x_wconf 72' lang='grc' dir='ltr'><em>ἀνθύπατοι,</em></span> <span class='ocrx_word' id='word_1_101' title='bbox 1029 1673 1208 1754; x_wconf 77' lang='grc' dir='ltr'><em>πατρίκιοι,</em></span> <span class='ocrx_word' id='word_1_102' title='bbox 1230 1671 1361 1754; x_wconf 79' lang='grc' dir='ltr'><em>σ’φφι-Ῑ)</em></span> 
     </span>
     <span class='ocr_line' id='line_1_14' title="bbox 249 1763 1332 1852; baseline 0.001 -22"><span class='ocrx_word' id='word_1_103' title='bbox 249 1763 367 1831; x_wconf 90' lang='grc' dir='ltr'><em>κιάλιοι</em></span> <span class='ocrx_word' id='word_1_104' title='bbox 395 1769 450 1830; x_wconf 84' lang='grc' dir='ltr'><em>καί</em></span> <span class='ocrx_word' id='word_1_105' title='bbox 476 1766 583 1833; x_wconf 69' lang='lat' dir='ltr'><strong>lomes*</strong></span> <span class='ocrx_word' id='word_1_106' title='bbox 608 1768 768 1850; x_wconf 73' lang='grc' dir='ltr'><em>βασιλικοί</em></span> <span class='ocrx_word' id='word_1_107' title='bbox 796 1765 875 1830; x_wconf 86' lang='grc' dir='ltr'><em>κατά</em></span> <span class='ocrx_word' id='word_1_108' title='bbox 904 1763 939 1830; x_wconf 81' lang='grc' dir='ltr'><em>τά</em></span> <span class='ocrx_word' id='word_1_109' title='bbox 967 1765 1065 1832; x_wconf 81' lang='grc' dir='ltr'><em>ποσὸν</em></span> <span class='ocrx_word' id='word_1_110' title='bbox 1093 1772 1147 1852; x_wconf 78' lang='grc' dir='ltr'><em>τῆς</em></span> <span class='ocrx_word' id='word_1_111' title='bbox 1166 1767 1332 1852; x_wconf 76' lang='grc' dir='ltr'><em>τραπέζης.</em></span> 
     </span>
     <span class='ocr_line' id='line_1_15' title="bbox 249 1861 1330 1953; baseline -0.001 -23"><span class='ocrx_word' id='word_1_112' title='bbox 249 1869 477 1953; x_wconf 72' lang='grc' dir='ltr'><em>προκαθέζεται</em></span> <span class='ocrx_word' id='word_1_113' title='bbox 507 1867 543 1929; x_wconf 82' lang='grc' dir='ltr'><em>δὲ</em></span> <span class='ocrx_word' id='word_1_114' title='bbox 573 1861 590 1928; x_wconf 79' lang='grc' dir='ltr'><em>δ</em></span> <span class='ocrx_word' id='word_1_115' title='bbox 618 1862 768 1947; x_wconf 79' lang='grc' dir='ltr'><em>βασιλεύς</em></span> <span class='ocrx_word' id='word_1_116' title='bbox 795 1862 875 1947; x_wconf 84' lang='grc' dir='ltr'><em>μετά</em></span> <span class='ocrx_word' id='word_1_117' title='bbox 907 1867 964 1930; x_wconf 78' lang='grc' dir='ltr'><em>τοῦ</em></span> <span class='ocrx_word' id='word_1_118' title='bbox 990 1868 1104 1931; x_wconf 75' lang='grc' dir='ltr'><em>οἰκείου</em></span> <span class='ocrx_word' id='word_1_119' title='bbox 1134 1867 1330 1951; x_wconf 80' lang='grc' dir='ltr'><em>διβητηαίυυ,</em></span> 
     </span>
     <span class='ocr_line' id='line_1_16' title="bbox 212 1960 1332 2050; baseline -0.005 -18"><span class='ocrx_word' id='word_1_120' title='bbox 212 1964 307 2036; x_wconf 67' lang='grc' dir='ltr'><em>15καί</em></span> <span class='ocrx_word' id='word_1_121' title='bbox 326 1968 380 2029; x_wconf 88' lang='grc' dir='ltr'><em>δεῖ</em></span> <span class='ocrx_word' id='word_1_122' title='bbox 395 1965 479 2048; x_wconf 76' lang='grc' dir='ltr'><em>ἡμᾶς</em></span> <span class='ocrx_word' id='word_1_123' title='bbox 500 1961 637 2049; x_wconf 84' lang='grc' dir='ltr'><em>εἰσάγειν</em></span> <span class='ocrx_word' id='word_1_124' title='bbox 663 1967 720 2027; x_wconf 97' lang='grc' dir='ltr'><em>καί</em></span> <span class='ocrx_word' id='word_1_125' title='bbox 746 1960 868 2050; x_wconf 75' lang='grc' dir='ltr'><em>ἐξάγειν</em></span> <span class='ocrx_word' id='word_1_126' title='bbox 895 1961 1014 2040; x_wconf 89' lang='grc' dir='ltr'><em>πάντας</em></span> <span class='ocrx_word' id='word_1_127' title='bbox 1032 1963 1108 2041; x_wconf 78' lang='grc' dir='ltr'><em>τοίς</em></span> <span class='ocrx_word' id='word_1_128' title='bbox 1128 1965 1332 2048; x_wconf 79' lang='grc' dir='ltr'><em>κεκλημένους</em></span> 
     </span>
     <span class='ocr_line' id='line_1_17' title="bbox 246 2059 1332 2150; baseline 0 -25"><span class='ocrx_word' id='word_1_129' title='bbox 246 2059 328 2143; x_wconf 88' lang='grc' dir='ltr'><em>μετά</em></span> <span class='ocrx_word' id='word_1_130' title='bbox 348 2065 412 2128; x_wconf 72' lang='grc' dir='ltr'><em>τῶν</em></span> <span class='ocrx_word' id='word_1_131' title='bbox 432 2065 552 2128; x_wconf 80' lang='grc' dir='ltr'><em>οἰκείαν</em></span> <span class='ocrx_word' id='word_1_132' title='bbox 574 2065 683 2127; x_wconf 69' lang='lat' dir='ltr'><strong>oderis</strong></span> <span class='ocrx_word' id='word_1_133' title='bbox 703 2059 922 2144; x_wconf 83' lang='grc' dir='ltr'><em>άλλαξιμάταν</em></span> <span class='ocrx_word' id='word_1_134' title='bbox 948 2067 1049 2150; x_wconf 79' lang='grc' dir='ltr'><em>χωρίς</em></span> <span class='ocrx_word' id='word_1_135' title='bbox 1068 2068 1130 2130; x_wconf 74' lang='grc' dir='ltr'><em>τῶν</em></span> <span class='ocrx_word' id='word_1_136' title='bbox 1147 2064 1332 2146; x_wconf 77' lang='grc' dir='ltr'><em>χλανιδιλαν.</em></span> 
     </span>
     <span class='ocr_line' id='line_1_18' title="bbox 248 2157 1331 2246; baseline -0.002 -22"><span class='ocrx_word' id='word_1_137' title='bbox 248 2161 289 2245; x_wconf 79' lang='grc' dir='ltr'><em>τῇ</em></span> <span class='ocrx_word' id='word_1_138' title='bbox 309 2160 345 2224; x_wconf 81' lang='grc' dir='ltr'><em>δέ</em></span> <span class='ocrx_word' id='word_1_139' title='bbox 364 2159 518 2246; x_wconf 83' lang='grc' dir='ltr'><em>έπιιάριον</em></span> <span class='ocrx_word' id='word_1_140' title='bbox 537 2166 672 2226; x_wconf 78' lang='grc' dir='ltr'><em>τελεῖται</em></span> <span class='ocrx_word' id='word_1_141' title='bbox 694 2161 836 2240; x_wconf 79' lang='grc' dir='ltr'><em>δεξίωσις</em></span> <span class='ocrx_word' id='word_1_142' title='bbox 864 2161 991 2242; x_wconf 81' lang='grc' dir='ltr'><em>δεξέμυυ</em></span> <span class='ocrx_word' id='word_1_143' title='bbox 1011 2165 1068 2227; x_wconf 82' lang='grc' dir='ltr'><em>καί</em></span> <span class='ocrx_word' id='word_1_144' title='bbox 1082 2157 1221 2244; x_wconf 87' lang='grc' dir='ltr'><em>μεγάλου</em></span> <span class='ocrx_word' id='word_1_145' title='bbox 1241 2159 1331 2236; x_wconf 82' lang='grc' dir='ltr'><em>σαξί-</em></span> 
     </span>
     <span class='ocr_line' id='line_1_19' title="bbox 246 2255 1330 2347; baseline 0 -27"><span class='ocrx_word' id='word_1_146' title='bbox 246 2281 336 2341; x_wconf 89' lang='grc' dir='ltr'><em>μου,</em></span> <span class='ocrx_word' id='word_1_147' title='bbox 356 2261 414 2323; x_wconf 88' lang='grc' dir='ltr'><em>καί</em></span> <span class='ocrx_word' id='word_1_148' title='bbox 440 2264 645 2346; x_wconf 84' lang='grc' dir='ltr'><em>προτεθέντος</em></span> <span class='ocrx_word' id='word_1_149' title='bbox 663 2263 832 2341; x_wconf 78' lang='grc' dir='ltr'><em>βασιλικοῦ</em></span> <span class='ocrx_word' id='word_1_150' title='bbox 864 2265 1036 2347; x_wconf 86' lang='grc' dir='ltr'><em>κλητωρίου</em></span> <span class='ocrx_word' id='word_1_151' title='bbox 1073 2260 1127 2326; x_wconf 83' lang='grc' dir='ltr'><em>έπί</em></span> <span class='ocrx_word' id='word_1_152' title='bbox 1153 2255 1330 2341; x_wconf 79' lang='grc' dir='ltr'><em>άποκοπτῆς</em></span> 
     </span>
     <span class='ocr_line' id='line_1_20' title="bbox 246 2353 1331 2446; baseline -0.004 -24"><span class='ocrx_word' id='word_1_153' title='bbox 246 2360 401 2443; x_wconf 84' lang='grc' dir='ltr'><em>τραπέζης</em></span> <span class='ocrx_word' id='word_1_154' title='bbox 420 2359 454 2422; x_wconf 82' lang='grc' dir='ltr'><em>έν</em></span> <span class='ocrx_word' id='word_1_155' title='bbox 472 2363 515 2446; x_wconf 77' lang='grc' dir='ltr'><em>τῷ</em></span> <span class='ocrx_word' id='word_1_156' title='bbox 525 2353 754 2423; x_wconf 84' lang='grc' dir='ltr'><em>’Ἰουστινιιινυῦ</em></span> <span class='ocrx_word' id='word_1_157' title='bbox 780 2359 935 2446; x_wconf 72' lang='grc' dir='ltr'><em>τρικλινιρ,</em></span> <span class='ocrx_word' id='word_1_158' title='bbox 949 2362 1176 2444; x_wconf 83' lang='grc' dir='ltr'><em>προκαθέζεται</em></span> <span class='ocrx_word' id='word_1_159' title='bbox 1198 2357 1218 2420; x_wconf 89' lang='lat' dir='ltr'><strong>o‘</strong></span> <span class='ocrx_word' id='word_1_160' title='bbox 1236 2362 1331 2438; x_wconf 85' lang='grc' dir='ltr'><em>βασι-</em></span> 
     </span>
     <span class='ocr_line' id='line_1_21' title="bbox 207 2451 1331 2541; baseline -0.006 -19"><span class='ocrx_word' id='word_1_161' title='bbox 207 2455 325 2531; x_wconf 72' lang='grc' dir='ltr'><em>οολεάς</em></span> <span class='ocrx_word' id='word_1_162' title='bbox 345 2451 427 2538; x_wconf 81' lang='grc' dir='ltr'><em>μετά</em></span> <span class='ocrx_word' id='word_1_163' title='bbox 447 2457 505 2520; x_wconf 77' lang='grc' dir='ltr'><em>τοῦ</em></span> <span class='ocrx_word' id='word_1_164' title='bbox 525 2459 640 2520; x_wconf 84' lang='grc' dir='ltr'><em>οἰκείου</em></span> <span class='ocrx_word' id='word_1_165' title='bbox 663 2458 867 2540; x_wconf 78' lang='grc' dir='ltr'><em>διβητησιόυ,</em></span> <span class='ocrx_word' id='word_1_166' title='bbox 891 2459 946 2521; x_wconf 88' lang='grc' dir='ltr'><em>καί</em></span> <span class='ocrx_word' id='word_1_167' title='bbox 967 2461 1020 2521; x_wconf 84' lang='grc' dir='ltr'><em>δεῖ</em></span> <span class='ocrx_word' id='word_1_168' title='bbox 1034 2457 1119 2541; x_wconf 75' lang='grc' dir='ltr'><em>ἡμᾶς</em></span> <span class='ocrx_word' id='word_1_169' title='bbox 1139 2451 1331 2539; x_wconf 74' lang='grc' dir='ltr'><em>εὖτρεπιζειν</em></span> 
     </span>
     <span class='ocr_line' id='line_1_22' title="bbox 247 2551 1332 2638; baseline -0.006 -16"><span class='ocrx_word' id='word_1_170' title='bbox 247 2562 294 2635; x_wconf 82' lang='grc' dir='ltr'><em>εἰς</em></span> <span class='ocrx_word' id='word_1_171' title='bbox 319 2553 518 2622; x_wconf 85' lang='grc' dir='ltr'><em>συνεστέασιν</em></span> <span class='ocrx_word' id='word_1_172' title='bbox 538 2555 638 2620; x_wconf 68' lang='lat' dir='ltr'><strong>adrat</strong></span> <span class='ocrx_word' id='word_1_173' title='bbox 660 2551 723 2618; x_wconf 83' lang='grc' dir='ltr'><em>α’πὸ</em></span> <span class='ocrx_word' id='word_1_174' title='bbox 744 2557 799 2638; x_wconf 75' lang='grc' dir='ltr'><em>τῆς</em></span> <span class='ocrx_word' id='word_1_175' title='bbox 817 2555 933 2630; x_wconf 82' lang='grc' dir='ltr'><em>τάξεως</em></span> <span class='ocrx_word' id='word_1_176' title='bbox 955 2553 1187 2638; x_wconf 85' lang='grc' dir='ltr'><em>πραιποσίτων,</em></span> <span class='ocrx_word' id='word_1_177' title='bbox 1217 2576 1332 2637; x_wconf 87' lang='grc' dir='ltr'><em>πατρι-</em></span> 
     </span>
     <span class='ocr_line' id='line_1_23' title="bbox 248 2649 1472 2739; baseline -0.004 -22"><span class='ocrx_word' id='word_1_178' title='bbox 248 2657 333 2734; x_wconf 84' lang='grc' dir='ltr'><em>κίων,</em></span> <span class='ocrx_word' id='word_1_179' title='bbox 353 2654 566 2739; x_wconf 80' lang='grc' dir='ltr'><em>ὄφφικιαλίων</em></span> <span class='ocrx_word' id='word_1_180' title='bbox 580 2656 636 2718; x_wconf 86' lang='grc' dir='ltr'><em>καί</em></span> <span class='ocrx_word' id='word_1_181' title='bbox 655 2650 718 2716; x_wconf 76' lang='grc' dir='ltr'><em>εἰπέ</em></span> <span class='ocrx_word' id='word_1_182' title='bbox 741 2655 805 2718; x_wconf 72' lang='grc' dir='ltr'><em>τῶν</em></span> <span class='ocrx_word' id='word_1_183' title='bbox 817 2656 1022 2738; x_wconf 80' lang='grc' dir='ltr'><em>σεκραιτικῶν</em></span> <span class='ocrx_word' id='word_1_184' title='bbox 1039 2655 1102 2718; x_wconf 75' lang='grc' dir='ltr'><em>τῶν</em></span> <span class='ocrx_word' id='word_1_185' title='bbox 1122 2652 1184 2716; x_wconf 72' lang='grc' dir='ltr'><em>ὑπὸ</em></span> <span class='ocrx_word' id='word_1_186' title='bbox 1200 2649 1472 2732; x_wconf 69' lang='grc' dir='ltr'><em>καμπά-Εδλι.46ο</em></span> 
     </span>
     <span class='ocr_line' id='line_1_24' title="bbox 249 2748 1329 2835; baseline 0 -24"><span class='ocrx_word' id='word_1_187' title='bbox 249 2771 316 2831; x_wconf 89' lang='grc' dir='ltr'><em>γιον</em></span> <span class='ocrx_word' id='word_1_188' title='bbox 335 2749 459 2814; x_wconf 85' lang='grc' dir='ltr'><em>πάντων</em></span> <span class='ocrx_word' id='word_1_189' title='bbox 480 2748 561 2812; x_wconf 89' lang='grc' dir='ltr'><em>κατά</em></span> <span class='ocrx_word' id='word_1_190' title='bbox 580 2751 614 2814; x_wconf 79' lang='grc' dir='ltr'><em>τὸ</em></span> <span class='ocrx_word' id='word_1_191' title='bbox 638 2749 736 2815; x_wconf 78' lang='grc' dir='ltr'><em>ποσὸν</em></span> <span class='ocrx_word' id='word_1_192' title='bbox 754 2754 812 2833; x_wconf 78' lang='grc' dir='ltr'><em>τῆς</em></span> <span class='ocrx_word' id='word_1_193' title='bbox 833 2753 1004 2835; x_wconf 70' lang='grc' dir='ltr'><em>τραπέζης·</em></span> <span class='ocrx_word' id='word_1_194' title='bbox 1047 2750 1183 2833; x_wconf 84' lang='grc' dir='ltr'><em>εἰσάγειν</em></span> <span class='ocrx_word' id='word_1_195' title='bbox 1212 2752 1248 2813; x_wconf 82' lang='grc' dir='ltr'><em>δὲ</em></span> <span class='ocrx_word' id='word_1_196' title='bbox 1269 2749 1329 2811; x_wconf 78' lang='grc' dir='ltr'><em>αι’-</em></span> 
     </span>
     <span class='ocr_line' id='line_1_25' title="bbox 248 2842 1330 2928; baseline 0 -18"><span class='ocrx_word' id='word_1_197' title='bbox 248 2844 325 2922; x_wconf 84' lang='grc' dir='ltr'><em>τοάς</em></span> <span class='ocrx_word' id='word_1_198' title='bbox 345 2848 402 2911; x_wconf 83' lang='grc' dir='ltr'><em>καί</em></span> <span class='ocrx_word' id='word_1_199' title='bbox 419 2842 541 2928; x_wconf 80' lang='grc' dir='ltr'><em>ἐξάγειν</em></span> <span class='ocrx_word' id='word_1_200' title='bbox 558 2845 640 2927; x_wconf 89' lang='grc' dir='ltr'><em>μετά</em></span> <span class='ocrx_word' id='word_1_201' title='bbox 662 2849 726 2910; x_wconf 76' lang='grc' dir='ltr'><em>τῶν</em></span> <span class='ocrx_word' id='word_1_202' title='bbox 746 2849 868 2910; x_wconf 76' lang='grc' dir='ltr'><em>οἰκείαν</em></span> <span class='ocrx_word' id='word_1_203' title='bbox 889 2842 1110 2927; x_wconf 77' lang='grc' dir='ltr'><em>άλλαξιμάτων</em></span> <span class='ocrx_word' id='word_1_204' title='bbox 1129 2870 1164 2910; x_wconf 92' lang='grc' dir='ltr'><em>τε</em></span> <span class='ocrx_word' id='word_1_205' title='bbox 1182 2845 1238 2910; x_wconf 86' lang='grc' dir='ltr'><em>καί</em></span> <span class='ocrx_word' id='word_1_206' title='bbox 1247 2853 1330 2928; x_wconf 80' lang='grc' dir='ltr'><em>χλα-</em></span> 
     </span>
    </p>
   </div>
   <div class='ocr_carea' id='block_1_3' title="bbox 245 3083 1332 4345">
    <p class='ocr_par' dir='ltr' id='par_1_3' title="bbox 245 3083 1332 4038">
     <span class='ocr_line' id='line_1_26' title="bbox 250 3083 1331 3158; baseline -0.005 -18"><span class='ocrx_word' id='word_1_207' title='bbox 250 3101 342 3140; x_wconf 83' lang='grc' dir='ltr'><em>ετοεετ</em></span> <span class='ocrx_word' id='word_1_208' title='bbox 360 3102 424 3140; x_wconf 84' lang='lat' dir='ltr'><strong>snro</strong></span> <span class='ocrx_word' id='word_1_209' title='bbox 439 3086 600 3140; x_wconf 75' lang='lat' dir='ltr'><strong>incruststss</strong></span> <span class='ocrx_word' id='word_1_210' title='bbox 618 3085 653 3140; x_wconf 85' lang='lat' dir='ltr'><strong>od</strong></span> <span class='ocrx_word' id='word_1_211' title='bbox 663 3085 847 3141; x_wconf 78' lang='lat' dir='ltr'><strong>imitationem</strong></span> <span class='ocrx_word' id='word_1_212' title='bbox 861 3089 963 3141; x_wconf 82' lang='lat' dir='ltr'><strong>rituum</strong></span> <span class='ocrx_word' id='word_1_213' title='bbox 980 3087 1044 3141; x_wconf 80' lang='lat' dir='ltr'><strong>sesti</strong></span> <span class='ocrx_word' id='word_1_214' title='bbox 1059 3085 1220 3158; x_wconf 77' lang='lat' dir='ltr'><strong>palmorum,</strong></span> <span class='ocrx_word' id='word_1_215' title='bbox 1240 3083 1331 3136; x_wconf 85' lang='lat' dir='ltr'><strong>omui-</strong></span> 
     </span>
     <span class='ocr_line' id='line_1_27' title="bbox 249 3156 1330 3227; baseline 0 -21"><span class='ocrx_word' id='word_1_216' title='bbox 249 3156 358 3226; x_wconf 86' lang='lat' dir='ltr'><strong>busque</strong></span> <span class='ocrx_word' id='word_1_217' title='bbox 381 3156 524 3224; x_wconf 76' lang='lat' dir='ltr'>splendide</span> <span class='ocrx_word' id='word_1_218' title='bbox 542 3157 665 3218; x_wconf 87' lang='lat' dir='ltr'><strong>indutis,</strong></span> <span class='ocrx_word' id='word_1_219' title='bbox 697 3158 881 3210; x_wconf 80' lang='lat' dir='ltr'>introducitur</span> <span class='ocrx_word' id='word_1_220' title='bbox 905 3157 971 3210; x_wconf 88' lang='lat' dir='ltr'><strong>ordo</strong></span> <span class='ocrx_word' id='word_1_221' title='bbox 991 3159 1194 3227; x_wconf 74' lang='lat' dir='ltr'><strong>magistrorum,</strong></span> <span class='ocrx_word' id='word_1_222' title='bbox 1211 3169 1330 3224; x_wconf 82' lang='lat' dir='ltr'><strong>procon-</strong></span> 
     </span>
     <span class='ocr_line' id='line_1_28' title="bbox 248 3223 1330 3292; baseline -0.006 -14"><span class='ocrx_word' id='word_1_223' title='bbox 248 3226 355 3288; x_wconf 83' lang='lat' dir='ltr'><strong>sulum,</strong></span> <span class='ocrx_word' id='word_1_224' title='bbox 373 3227 549 3292; x_wconf 78' lang='lat' dir='ltr'><strong>patriciorum</strong></span> <span class='ocrx_word' id='word_1_225' title='bbox 561 3233 595 3278; x_wconf 76' lang='lat' dir='ltr'><strong>,el</strong></span> <span class='ocrx_word' id='word_1_226' title='bbox 613 3225 767 3276; x_wconf 85' lang='lat' dir='ltr'><strong>ossieiolinm</strong></span> <span class='ocrx_word' id='word_1_227' title='bbox 788 3227 817 3276; x_wconf 89' lang='lat' dir='ltr'><strong>iu</strong></span> <span class='ocrx_word' id='word_1_228' title='bbox 838 3235 1012 3292; x_wconf 85' lang='lat' dir='ltr'><strong>conspectum</strong></span> <span class='ocrx_word' id='word_1_229' title='bbox 1031 3227 1158 3286; x_wconf 82' lang='lat' dir='ltr'><strong>Domiui;</strong></span> <span class='ocrx_word' id='word_1_230' title='bbox 1186 3223 1233 3290; x_wconf 89' lang='lat' dir='ltr'><strong>qui</strong></span> <span class='ocrx_word' id='word_1_231' title='bbox 1253 3231 1330 3290; x_wconf 84' lang='lat' dir='ltr'><strong>post·</strong></span> 
     </span>
     <span class='ocr_line' id='line_1_29' title="bbox 247 3291 1331 3365; baseline -0.005 -18"><span class='ocrx_word' id='word_1_232' title='bbox 247 3312 328 3365; x_wconf 85' lang='lat' dir='ltr'><strong>quum</strong></span> <span class='ocrx_word' id='word_1_233' title='bbox 346 3296 432 3347; x_wconf 82' lang='lat' dir='ltr'><strong>dictas</strong></span> <span class='ocrx_word' id='word_1_234' title='bbox 450 3311 540 3346; x_wconf 87' lang='lat' dir='ltr'><strong>cruces</strong></span> <span class='ocrx_word' id='word_1_235' title='bbox 559 3310 606 3345; x_wconf 84' lang='lat' dir='ltr'><em>run</em></span> <span class='ocrx_word' id='word_1_236' title='bbox 625 3310 707 3344; x_wconf 79' lang='lat' dir='ltr'><strong>mauu</strong></span> <span class='ocrx_word' id='word_1_237' title='bbox 727 3293 878 3356; x_wconf 79' lang='lat' dir='ltr'><strong>distribuit,</strong></span> <span class='ocrx_word' id='word_1_238' title='bbox 897 3295 1067 3353; x_wconf 76' lang='lat' dir='ltr'><strong>instituitur,</strong></span> <span class='ocrx_word' id='word_1_239' title='bbox 1086 3301 1116 3343; x_wconf 92' lang='lat' dir='ltr'><em>ut</em></span> <span class='ocrx_word' id='word_1_240' title='bbox 1134 3291 1261 3351; x_wconf 81' lang='lat' dir='ltr'><strong>diximus,</strong></span> <span class='ocrx_word' id='word_1_241' title='bbox 1279 3308 1331 3359; x_wconf 88' lang='lat' dir='ltr'><strong>pu·</strong></span> 
     </span>
     <span class='ocr_line' id='line_1_30' title="bbox 245 3360 1330 3432; baseline -0.002 -17"><span class='ocrx_word' id='word_1_242' title='bbox 245 3364 319 3418; x_wconf 76' lang='lat' dir='ltr'><strong>blico</strong></span> <span class='ocrx_word' id='word_1_243' title='bbox 342 3366 462 3417; x_wconf 84' lang='lat' dir='ltr'><strong>solennis</strong></span> <span class='ocrx_word' id='word_1_244' title='bbox 487 3361 704 3432; x_wconf 77' lang='lat' dir='ltr'><strong>supplicabuudo</strong></span> <span class='ocrx_word' id='word_1_245' title='bbox 725 3365 862 3432; x_wconf 71' lang='lat' dir='ltr'><strong>processio</strong></span> <span class='ocrx_word' id='word_1_246' title='bbox 890 3364 1024 3431; x_wconf 83' lang='lat' dir='ltr'><strong>steruplo</strong></span> <span class='ocrx_word' id='word_1_247' title='bbox 1051 3363 1078 3419; x_wconf 81' lang='lat' dir='ltr'><em>S,</em></span> <span class='ocrx_word' id='word_1_248' title='bbox 1098 3363 1228 3430; x_wconf 83' lang='lat' dir='ltr'><strong>Deipuree</strong></span> <span class='ocrx_word' id='word_1_249' title='bbox 1249 3360 1330 3413; x_wconf 84' lang='lat' dir='ltr'><strong>Pbori</strong></span> 
     </span>
     <span class='ocr_line' id='line_1_31' title="bbox 246 3430 1328 3504; baseline -0.005 -17"><span class='ocrx_word' id='word_1_250' title='bbox 246 3437 282 3488; x_wconf 84' lang='lat' dir='ltr'><em>sd</em></span> <span class='ocrx_word' id='word_1_251' title='bbox 301 3436 406 3488; x_wconf 76' lang='lat' dir='ltr'><strong>illustre</strong></span> <span class='ocrx_word' id='word_1_252' title='bbox 426 3434 554 3504; x_wconf 86' lang='lat' dir='ltr'><strong>templum</strong></span> <span class='ocrx_word' id='word_1_253' title='bbox 574 3449 688 3504; x_wconf 74' lang='lat' dir='ltr'><strong>maguae</strong></span> <span class='ocrx_word' id='word_1_254' title='bbox 705 3449 793 3486; x_wconf 84' lang='lat' dir='ltr'><strong>uorue</strong></span> <span class='ocrx_word' id='word_1_255' title='bbox 810 3434 957 3499; x_wconf 80' lang='lat' dir='ltr'><strong>ecelesiae3</strong></span> <span class='ocrx_word' id='word_1_256' title='bbox 986 3441 1150 3502; x_wconf 79' lang='lat' dir='ltr'><strong>peractoque</strong></span> <span class='ocrx_word' id='word_1_257' title='bbox 1174 3449 1249 3483; x_wconf 77' lang='lat' dir='ltr'><strong>sacro</strong></span> <span class='ocrx_word' id='word_1_258' title='bbox 1268 3430 1328 3482; x_wconf 85' lang='lat' dir='ltr'><strong>otii-</strong></span> 
     </span>
     <span class='ocr_line' id='line_1_32' title="bbox 246 3501 1328 3575; baseline -0.004 -19"><span class='ocrx_word' id='word_1_259' title='bbox 246 3507 298 3566; x_wconf 88' lang='lat' dir='ltr'><strong>eio,</strong></span> <span class='ocrx_word' id='word_1_260' title='bbox 316 3514 506 3575; x_wconf 88' lang='lat' dir='ltr'><strong>proponuntur</strong></span> <span class='ocrx_word' id='word_1_261' title='bbox 519 3504 614 3573; x_wconf 78' lang='lat' dir='ltr'><strong>opulus</strong></span> <span class='ocrx_word' id='word_1_262' title='bbox 628 3503 753 3556; x_wconf 87' lang='lat' dir='ltr'><strong>Dominis</strong></span> <span class='ocrx_word' id='word_1_263' title='bbox 764 3506 794 3556; x_wconf 88' lang='lat' dir='ltr'><em>in</em></span> <span class='ocrx_word' id='word_1_264' title='bbox 809 3503 1025 3571; x_wconf 79' lang='lat' dir='ltr'><strong>chrysotricliuo,</strong></span> <span class='ocrx_word' id='word_1_265' title='bbox 1044 3501 1252 3556; x_wconf 77' lang='lat' dir='ltr'><strong>convivantibus</strong></span> <span class='ocrx_word' id='word_1_266' title='bbox 1266 3518 1328 3552; x_wconf 86' lang='lat' dir='ltr'><em>eum</em></span> 
     </span>
     <span class='ocr_line' id='line_1_33' title="bbox 245 3572 1327 3645; baseline -0.003 -21"><span class='ocrx_word' id='word_1_267' title='bbox 245 3573 313 3644; x_wconf 86' lang='lat' dir='ltr'><strong>ipsis</strong></span> <span class='ocrx_word' id='word_1_268' title='bbox 333 3573 486 3645; x_wconf 78' lang='lat' dir='ltr'><strong>petriorcho</strong></span> <span class='ocrx_word' id='word_1_269' title='bbox 504 3582 532 3625; x_wconf 88' lang='lat' dir='ltr'><em>et</em></span> <span class='ocrx_word' id='word_1_270' title='bbox 550 3575 746 3645; x_wconf 86' lang='lat' dir='ltr'><strong>metropolitis,</strong></span> <span class='ocrx_word' id='word_1_271' title='bbox 773 3574 923 3644; x_wconf 75' lang='lat' dir='ltr'><strong>magistris,</strong></span> <span class='ocrx_word' id='word_1_272' title='bbox 954 3573 1131 3642; x_wconf 78' lang='lat' dir='ltr'><strong>praepositis,</strong></span> <span class='ocrx_word' id='word_1_273' title='bbox 1156 3572 1327 3638; x_wconf 86' lang='lat' dir='ltr'><strong>proconsuli-</strong></span> 
     </span>
     <span class='ocr_line' id='line_1_34' title="bbox 245 3641 1329 3714; baseline -0.006 -18"><span class='ocrx_word' id='word_1_274' title='bbox 245 3644 306 3705; x_wconf 85' lang='lat' dir='ltr'><strong>bus,</strong></span> <span class='ocrx_word' id='word_1_275' title='bbox 325 3643 464 3714; x_wconf 82' lang='lat' dir='ltr'><strong>potriciis,</strong></span> <span class='ocrx_word' id='word_1_276' title='bbox 484 3641 643 3694; x_wconf 81' lang='lat' dir='ltr'><strong>officialibus</strong></span> <span class='ocrx_word' id='word_1_277' title='bbox 662 3653 690 3696; x_wconf 88' lang='lat' dir='ltr'><em>et</em></span> <span class='ocrx_word' id='word_1_278' title='bbox 708 3645 824 3714; x_wconf 88' lang='lat' dir='ltr'><strong>reliquis</strong></span> <span class='ocrx_word' id='word_1_279' title='bbox 842 3641 1031 3712; x_wconf 82' lang='lat' dir='ltr'><strong>imperialibus</strong></span> <span class='ocrx_word' id='word_1_280' title='bbox 1049 3641 1208 3694; x_wconf 86' lang='lat' dir='ltr'><strong>bominibus</strong></span> <span class='ocrx_word' id='word_1_281' title='bbox 1227 3656 1329 3692; x_wconf 88' lang='lat' dir='ltr'><strong>seeun-</strong></span> 
     </span>
     <span class='ocr_line' id='line_1_35' title="bbox 246 3710 1329 3784; baseline -0.005 -20"><span class='ocrx_word' id='word_1_282' title='bbox 246 3711 311 3766; x_wconf 88' lang='lat' dir='ltr'><strong>dum</strong></span> <span class='ocrx_word' id='word_1_283' title='bbox 328 3714 505 3784; x_wconf 67' lang='lat' dir='ltr'><strong>capacitatem</strong></span> <span class='ocrx_word' id='word_1_284' title='bbox 522 3729 639 3766; x_wconf 80' lang='lat' dir='ltr'><strong>mensae.</strong></span> <span class='ocrx_word' id='word_1_285' title='bbox 675 3714 817 3768; x_wconf 72' lang='lat' dir='ltr'><strong>Praesides</strong></span> <span class='ocrx_word' id='word_1_286' title='bbox 840 3715 990 3783; x_wconf 80' lang='lat' dir='ltr'><strong>Imperator</strong></span> <span class='ocrx_word' id='word_1_287' title='bbox 1006 3713 1036 3764; x_wconf 92' lang='lat' dir='ltr'><strong>iu</strong></span> <span class='ocrx_word' id='word_1_288' title='bbox 1054 3729 1104 3763; x_wconf 87' lang='lat' dir='ltr'><em>ruo</em></span> <span class='ocrx_word' id='word_1_289' title='bbox 1123 3710 1274 3773; x_wconf 86' lang='lat' dir='ltr'><strong>dibetesio,</strong></span> <span class='ocrx_word' id='word_1_290' title='bbox 1299 3715 1329 3760; x_wconf 89' lang='lat' dir='ltr'><em>et</em></span> 
     </span>
     <span class='ocr_line' id='line_1_36' title="bbox 246 3780 1329 3855; baseline -0.006 -20"><span class='ocrx_word' id='word_1_291' title='bbox 246 3784 375 3836; x_wconf 78' lang='lat' dir='ltr'><strong>convivae</strong></span> <span class='ocrx_word' id='word_1_292' title='bbox 392 3801 408 3834; x_wconf 83' lang='lat' dir='ltr'>a</span> <span class='ocrx_word' id='word_1_293' title='bbox 426 3783 508 3836; x_wconf 86' lang='lat' dir='ltr'><strong>nobis</strong></span> <span class='ocrx_word' id='word_1_294' title='bbox 534 3782 745 3835; x_wconf 86' lang='lat' dir='ltr'><strong>introducuntur</strong></span> <span class='ocrx_word' id='word_1_295' title='bbox 772 3784 802 3834; x_wconf 90' lang='lat' dir='ltr'><strong>iu</strong></span> <span class='ocrx_word' id='word_1_296' title='bbox 821 3784 878 3835; x_wconf 87' lang='lat' dir='ltr'><strong>suis</strong></span> <span class='ocrx_word' id='word_1_297' title='bbox 905 3786 1022 3855; x_wconf 86' lang='lat' dir='ltr'><strong>quisque</strong></span> <span class='ocrx_word' id='word_1_298' title='bbox 1050 3780 1206 3833; x_wconf 77' lang='lat' dir='ltr'><strong>mutatoriis</strong></span> <span class='ocrx_word' id='word_1_299' title='bbox 1223 3781 1329 3851; x_wconf 78' lang='lat' dir='ltr'><strong>absque</strong></span> 
     </span>
     <span class='ocr_line' id='line_1_37' title="bbox 246 3849 1329 3925; baseline -0.005 -22"><span class='ocrx_word' id='word_1_300' title='bbox 246 3853 357 3904; x_wconf 90' lang='lat' dir='ltr'><strong>tunicis.</strong></span> <span class='ocrx_word' id='word_1_301' title='bbox 393 3855 503 3906; x_wconf 85' lang='lat' dir='ltr'><strong>Postero</strong></span> <span class='ocrx_word' id='word_1_302' title='bbox 530 3851 575 3904; x_wconf 85' lang='lat' dir='ltr'><em>die</em></span> <span class='ocrx_word' id='word_1_303' title='bbox 603 3852 756 3907; x_wconf 82' lang='lat' dir='ltr'><strong>instituitur</strong></span> <span class='ocrx_word' id='word_1_304' title='bbox 785 3852 910 3922; x_wconf 80' lang='lat' dir='ltr'><strong>exceptio</strong></span> <span class='ocrx_word' id='word_1_305' title='bbox 933 3853 1037 3905; x_wconf 76' lang='lat' dir='ltr'><strong>derisui</strong></span> <span class='ocrx_word' id='word_1_306' title='bbox 1065 3851 1122 3925; x_wconf 85' lang='lat' dir='ltr'><strong>[reu</strong></span> <span class='ocrx_word' id='word_1_307' title='bbox 1149 3849 1329 3903; x_wconf 80' lang='lat' dir='ltr'><strong>salsrtontium</strong></span> 
     </span>
     <span class='ocr_line' id='line_1_38' title="bbox 248 3918 1332 4038; baseline -0.003 -67"><span class='ocrx_word' id='word_1_308' title='bbox 248 3937 391 4038; x_wconf 81' lang='lat' dir='ltr'><strong>procerum</strong></span> <span class='ocrx_word' id='word_1_309' title='bbox 409 3925 521 3992; x_wconf 81' lang='lat' dir='ltr'><strong>turbae]</strong></span> <span class='ocrx_word' id='word_1_310' title='bbox 540 3930 568 3975; x_wconf 87' lang='lat' dir='ltr'><em>et</em></span> <span class='ocrx_word' id='word_1_311' title='bbox 585 3925 676 3992; x_wconf 80' lang='lat' dir='ltr'><strong>magni</strong></span> <span class='ocrx_word' id='word_1_312' title='bbox 694 3923 808 3986; x_wconf 72' lang='lat' dir='ltr'><strong>usnimi,</strong></span> <span class='ocrx_word' id='word_1_313' title='bbox 839 3925 1042 3993; x_wconf 87' lang='lat' dir='ltr'><strong>propositisque</strong></span> <span class='ocrx_word' id='word_1_314' title='bbox 1070 3921 1159 3992; x_wconf 90' lang='lat' dir='ltr'><strong>epulis</strong></span> <span class='ocrx_word' id='word_1_315' title='bbox 1178 3918 1332 3990; x_wconf 80' lang='lat' dir='ltr'><strong>imperiali·</strong></span> 
     </span>
    </p>

    <p class='ocr_par' dir='ltr' id='par_1_4' title="bbox 249 3985 1330 4345">
     <span class='ocr_line' id='line_1_39' title="bbox 271 3985 1330 4065; baseline -0.003 -24"><span class='ocrx_word' id='word_1_316' title='bbox 271 4008 301 4041; x_wconf 87' lang='lat' dir='ltr'><em>us</em></span> <span class='ocrx_word' id='word_1_317' title='bbox 320 4009 399 4060; x_wconf 85' lang='lat' dir='ltr'><strong>super</strong></span> <span class='ocrx_word' id='word_1_318' title='bbox 416 4011 512 4065; x_wconf 72' lang='lat' dir='ltr'><strong>mogun</strong></span> <span class='ocrx_word' id='word_1_319' title='bbox 535 4009 626 4046; x_wconf 74' lang='lat' dir='ltr'><strong>meuse</strong></span> <span class='ocrx_word' id='word_1_320' title='bbox 652 3993 681 4044; x_wconf 87' lang='lat' dir='ltr'><em>in</em></span> <span class='ocrx_word' id='word_1_321' title='bbox 697 3994 843 4045; x_wconf 80' lang='lat' dir='ltr'><strong>Iustiniani</strong></span> <span class='ocrx_word' id='word_1_322' title='bbox 872 3993 994 4046; x_wconf 88' lang='lat' dir='ltr'><strong>triclinio</strong></span> <span class='ocrx_word' id='word_1_323' title='bbox 1018 3985 1157 4062; x_wconf 77' lang='lat' dir='ltr'><strong>praesidet</strong></span> <span class='ocrx_word' id='word_1_324' title='bbox 1180 3990 1330 4059; x_wconf 74' lang='lat' dir='ltr'><strong>Imperator</strong></span> 
     </span>
     <span class='ocr_line' id='line_1_40' title="bbox 250 4059 1330 4135; baseline -0.003 -26"><span class='ocrx_word' id='word_1_325' title='bbox 250 4060 280 4111; x_wconf 91' lang='lat' dir='ltr'><strong>iu</strong></span> <span class='ocrx_word' id='word_1_326' title='bbox 298 4075 347 4112; x_wconf 85' lang='lat' dir='ltr'><em>ruo</em></span> <span class='ocrx_word' id='word_1_327' title='bbox 367 4061 517 4132; x_wconf 79' lang='lat' dir='ltr'><strong>dibetesi03</strong></span> <span class='ocrx_word' id='word_1_328' title='bbox 549 4071 726 4135; x_wconf 82' lang='lat' dir='ltr'><strong>nostrumque</strong></span> <span class='ocrx_word' id='word_1_329' title='bbox 750 4070 792 4116; x_wconf 85' lang='lat' dir='ltr'><em>est</em></span> <span class='ocrx_word' id='word_1_330' title='bbox 816 4064 930 4116; x_wconf 78' lang='lat' dir='ltr'><strong>invitare</strong></span> <span class='ocrx_word' id='word_1_331' title='bbox 955 4063 991 4114; x_wconf 83' lang='lat' dir='ltr'><em>ad</em></span> <span class='ocrx_word' id='word_1_332' title='bbox 1009 4065 1161 4115; x_wconf 82' lang='lat' dir='ltr'><strong>convivium</strong></span> <span class='ocrx_word' id='word_1_333' title='bbox 1180 4060 1214 4111; x_wconf 77' lang='lat' dir='ltr'><em>ab</em></span> <span class='ocrx_word' id='word_1_334' title='bbox 1233 4059 1330 4111; x_wconf 80' lang='lat' dir='ltr'><strong>ordisse</strong></span> 
     </span>
     <span class='ocr_line' id='line_1_41' title="bbox 249 4129 1330 4202; baseline -0.003 -24"><span class='ocrx_word' id='word_1_335' title='bbox 249 4129 315 4180; x_wconf 87' lang='lat' dir='ltr'><strong>iude</strong></span> <span class='ocrx_word' id='word_1_336' title='bbox 333 4135 558 4200; x_wconf 82' lang='lat' dir='ltr'><strong>praepositorum,</strong></span> <span class='ocrx_word' id='word_1_337' title='bbox 575 4133 761 4202; x_wconf 76' lang='lat' dir='ltr'><strong>patriciorum,</strong></span> <span class='ocrx_word' id='word_1_338' title='bbox 781 4133 947 4194; x_wconf 83' lang='lat' dir='ltr'><strong>officialium,</strong></span> <span class='ocrx_word' id='word_1_339' title='bbox 967 4142 995 4184; x_wconf 86' lang='lat' dir='ltr'><em>et</em></span> <span class='ocrx_word' id='word_1_340' title='bbox 1012 4133 1051 4184; x_wconf 89' lang='lat' dir='ltr'><em>sie</em></span> <span class='ocrx_word' id='word_1_341' title='bbox 1068 4147 1158 4201; x_wconf 88' lang='lat' dir='ltr'><strong>porro,</strong></span> <span class='ocrx_word' id='word_1_342' title='bbox 1177 4129 1330 4188; x_wconf 87' lang='lat' dir='ltr'><strong>secreticos,</strong></span> 
     </span>
     <span class='ocr_line' id='line_1_42' title="bbox 249 4198 1329 4274; baseline -0.004 -25"><span class='ocrx_word' id='word_1_343' title='bbox 249 4207 387 4270; x_wconf 88' lang='lat' dir='ltr'><strong>quotquot</strong></span> <span class='ocrx_word' id='word_1_344' title='bbox 403 4207 538 4274; x_wconf 76' lang='lat' dir='ltr'><strong>campagis</strong></span> <span class='ocrx_word' id='word_1_345' title='bbox 557 4213 670 4268; x_wconf 69' lang='lat' dir='ltr'><strong>gerrrnt,</strong></span> <span class='ocrx_word' id='word_1_346' title='bbox 691 4220 740 4272; x_wconf 90' lang='lat' dir='ltr'><em>pro</em></span> <span class='ocrx_word' id='word_1_347' title='bbox 760 4204 866 4257; x_wconf 78' lang='lat' dir='ltr'><strong>tutione</strong></span> <span class='ocrx_word' id='word_1_348' title='bbox 885 4219 1007 4266; x_wconf 67' lang='lat' dir='ltr'><strong>locasse,</strong></span> <span class='ocrx_word' id='word_1_349' title='bbox 1037 4217 1139 4271; x_wconf 87' lang='lat' dir='ltr'><strong>eosque</strong></span> <span class='ocrx_word' id='word_1_350' title='bbox 1158 4198 1329 4252; x_wconf 84' lang='lat' dir='ltr'><strong>introducere</strong></span> 
     </span>
     <span class='ocr_line' id='line_1_43' title="bbox 250 4268 1329 4345; baseline 0 -24"><span class='ocrx_word' id='word_1_351' title='bbox 250 4275 279 4322; x_wconf 83' lang='lat' dir='ltr'><em>et</em></span> <span class='ocrx_word' id='word_1_352' title='bbox 296 4268 410 4324; x_wconf 84' lang='lat' dir='ltr'><strong>educere</strong></span> <span class='ocrx_word' id='word_1_353' title='bbox 437 4274 467 4326; x_wconf 89' lang='lat' dir='ltr'><strong>iu</strong></span> <span class='ocrx_word' id='word_1_354' title='bbox 492 4276 547 4327; x_wconf 86' lang='lat' dir='ltr'><strong>suis</strong></span> <span class='ocrx_word' id='word_1_355' title='bbox 565 4276 720 4328; x_wconf 77' lang='lat' dir='ltr'><strong>murtstoriis</strong></span> <span class='ocrx_word' id='word_1_356' title='bbox 746 4282 774 4327; x_wconf 88' lang='lat' dir='ltr'><strong>ct</strong></span> <span class='ocrx_word' id='word_1_357' title='bbox 791 4274 900 4327; x_wconf 88' lang='lat' dir='ltr'><strong>tunicis.</strong></span> <span class='ocrx_word' id='word_1_358' title='bbox 937 4273 1047 4345; x_wconf 75' lang='lat' dir='ltr'><strong>Reliqui</strong></span> <span class='ocrx_word' id='word_1_359' title='bbox 1065 4280 1156 4326; x_wconf 79' lang='lat' dir='ltr'><strong>sutem</strong></span> <span class='ocrx_word' id='word_1_360' title='bbox 1183 4273 1329 4336; x_wconf 69' lang='lat' dir='ltr'><strong>suaguates,</strong></span> 
     </span>
    </p>
   </div>
   <div class='ocr_carea' id='block_1_4' title="bbox 0 0 1576 4917">
    <p class='ocr_par' dir='ltr' id='par_1_5' title="bbox 0 0 1576 4917">
     <span class='ocr_line' id='line_1_44' title="bbox 0 0 1576 4917; baseline 0 0"><span class='ocrx_word' id='word_1_361' title='bbox 0 0 1576 4917; x_wconf 95' lang='lat' dir='ltr'><em> </em></span> 
     </span>
    </p>
   </div>
  </div>
 </body>
</html>
