3125 4917
462 437 684 503 astarten
709 437 910 502 uluuo'rn.
936 436 1115 502 nunaut.
1272 440 1340 499 ΗΧ

253 602 280 651 ct
304 590 535 653 eeclesiasticam
557 596 720 674 pertinent,
742 594 795 655 sed
815 594 912 655 multa
931 594 1023 654 mam
1040 612 1119 674 quae
1139 591 1177 650 ad
1198 602 1340 673 topogra-

253 675 357 755 phium
372 674 480 753 Urbis,
502 676 673 736 ollieioruni
694 688 785 757 atque
804 678 987 759 dignitatum
1010 678 1148 736 notitiam
1167 685 1341 756 utramque,

253 756 482 817 ecclesiasticam
503 761 652 841 imprimis
673 759 784 819 borum
807 772 981 843 temporum
1001 760 1178 834 historiam,
1207 758 1340 833 lireiuut,

253 844 465 921 1·epu·imniu·‚
498 862 578 923 quae
605 842 677 902 alibi
700 843 813 902 liustra
840 846 1033 925 quaesiveris.
1076 841 1167 919 Quod
1189 838 1342 900 luculento

252 932 297 981 cst
319 924 430 983 irulicio
451 923 509 983 boe
523 946 600 1006 opus
618 946 774 1006 utinquam
794 928 950 1006 prodiisse.
992 925 1090 986 hlulta
1108 927 1189 982 enim
1204 934 1267 982 tum
1285 944 1341 1004 pa-

253 1004 316 1063 latii
339 1027 431 1087 qnam
455 1006 598 1067 ecclcsiae
621 1006 719 1067 ollieiu
740 1030 758 1067 a
777 1010 894 1069 Codino
916 1020 1008 1089 atquc
1023 1007 1159 1068 lllcumio
1176 1009 1286 1065 omissa
1305 1026 1342 1065 ex

253 1085 306 1147 illo
322 1089 471 1169 produci,
493 1088 589 1150 multa
609 1094 700 1150 etiam
721 1090 867 1151 illustrari
886 1100 1022 1171 possunt.
1063 1090 1244 1149 Innumerae
1262 1108 1342 1169 quo·

251 1190 312 1249 que
337 1192 426 1233 rocos
450 1184 628 1249 occurrunt,
650 1195 726 1255 quas
746 1196 846 1256 neque
860 1174 1013 1233 Glossema
1032 1194 1050 1232 a
1066 1171 1220 1249 Labbaeo,
1237 1173 1342 1231 Meur-

253 1254 324 1329 sio',
355 1255 398 1315 du
426 1255 541 1337 Cungio
580 1258 746 1337 composita
758 1302 768 1333 ,
806 1278 906 1340 neque
929 1255 1099 1338 Hesychius
1117 1274 1216 1335 neque
1232 1254 1342 1314 Suidas

253 1332 374 1399 bahent.
414 1340 519 1414 Quare
542 1339 581 1399 ad
601 1339 721 1420 linguae
745 1342 837 1399 etiam
864 1340 1004 1420 peritiam
1024 1336 1106 1397 baud
1134 1357 1244 1417 parum
1267 1358 1342 1397 con-

253 1416 350 1479 ducit.
391 1420 494 1503 Stylus
516 1433 671 1483 caeterum
693 1424 766 1481 satis
790 1432 929 1502 comptus
953 1433 1045 1502 atque
1064 1442 1122 1502 pro
1143 1422 1229 1479 istius
1249 1419 1341 1479 seculi

254 1498 394 1561 barbaric
420 1516 466 1563 sat
482 1503 612 1585 elegans.
657 1504 822 1584 Nunquam
843 1525 918 1563 vero
936 1504 1075 1580 editum,
1091 1505 1153 1562 imo
1173 1504 1224 1563 vix
1238 1505 1343 1583 cogni-

253 1592 318 1642 tum
339 1584 485 1647 hacturus
505 1591 654 1667 optimum
674 1586 766 1647 luisse
781 1587 917 1648 codicem
938 1606 1063 1667 prorsus
1091 1588 1195 1644 miror.
1235 1584 1263 1642 N
1325 1605 1344 1643 c

251 1668 334 1727 enim
358 1670 437 1726 inter
460 1688 553 1748 opera
578 1670 767 1728 Constantini
794 1692 812 1728 a
836 1669 988 1728 Vulcanio
1008 1668 1057 1727 vel
1080 1666 1121 1726 ab
1144 1666 1210 1727 aliis
1228 1606 1342 1745 pubiiisi

253 1748 327 1808 iuris
348 1749 427 1809 fricta
448 1760 596 1831 apparet,
619 1770 717 1830 neque
736 1749 775 1809 ab
788 1750 939 1824 llanekio,
961 1770 1016 1809 nec
1040 1747 1119 1824 alio,
1140 1747 1222 1828 quod
1236 1749 1342 1824 seiam,

251 1828 314 1891 ulla
331 1833 397 1891 eius
417 1831 451 1890 sit
468 1834 594 1892 riicntio.
638 1832 752 1891 Verum
770 1831 813 1891 du
827 1832 952 1892 Fresnei
971 1832 1096 1890 Domini
1115 1830 1158 1889 dn
1173 1831 1276 1910 Gange
1295 1833 1344 1890 in·

250 1913 407 1974 dustriam·
421 1912 561 1994 ellrrgissc
581 1912 672 1995 plane
688 1912 842 1991 ileruiror,
863 1915 978 1999 quippe
997 1914 1051 1995 qni
1072 1912 1110 1972 ad
1131 1912 1343 1973 illustrandum

250 1995 416 2057 orientalis
436 1997 559 2079 imperii
583 1998 761 2075 Historiam,
786 1996 1012 2057 ctGlossarinm
1025 2015 1115 2055 suum
1132 1995 1343 2056 adornandum

252 2078 478 2158 inconnnmbili
500 2099 626 2161 prorsus
656 2079 758 2139 studio
779 2081 882 2139 omnia
906 2080 1035 2139 rimatus
1066 2087 1123 2138 est.
1166 2076 1256 2137 Solus
1279 2080 1342 2139 Ge·

250 2164 398 2237 sneun¹),
420 2164 449 2219 in
464 2160 588 2221 historia
610 2161 755 2221 litteraria
772 2162 983 2243 peritissimus,
1004 2163 1069 2223 eius
1087 2159 1171 2220 hisce
1190 2162 1342 2237 meminit,

251 2240 324 2300 dum
346 2243 497 2300 lateralia
518 2244 707 2302 Constantini
728 2244 833 2325 Opera
858 2254 1016 2305 recenset:
1048 2243 1222 2304 ”Volumcu
1245 2244 1343 2303 Grac-

249 2344 318 2381 rrun
344 2345 484 2399 ruagmun
503 2345 537 2381 rr
565 2323 749 2382 bibliotheca
772 2326 947 2400 ilungariea
969 2326 1008 2383 de
1029 2326 1210 2383 Cerimoniis
1233 2324 1340 2385 aulicis

249 2408 342 2463 cirris
361 2416 391 2465 ct
408 2406 582 2486 prophanis,
621 2404 814 2482 Videndum,
836 2400 1175 2485 priir·gitGesnci·1rs,un
1199 2406 1275 2466 l'ortc
1299 2410 1340 2469 sit

248 2486 327 2547 idem
345 2488 438 2547 Liber
455 2491 507 2568 qui
533 2485 761 2567 llarmeuopulo
784 2487 931 2548 tribuitur
955 2490 988 2547 in
1005 2487 1148 2568 Catalogo
1171 2488 1338 2549 Bibliothe-

247 2590 301 2629 eac
320 2571 410 2652 aegis
428 2569 607 2642 Gallorum,
630 2570 718 2628 Ordo
737 2570 822 2651 Regii
835 2569 978 2631 Palatii«
1019 2569 1146 2629 Nullum
1168 2592 1241 2631 vcro
1261 2573 1337 2633 mibi

247 2652 374 2714 ‹luliium
401 2664 462 2731 cst,
483 2664 536 2715 aiu
565 2651 640 2712 labo
659 2652 858 2712 Constantino
882 2652 1110 2733 llannenopulo
1135 2655 1258 2714 inscribi
1282 2667 1338 2718 aut

247 2735 337 2814 plane
356 2737 511 2797 diversum
528 2758 593 2797 esse
617 2734 739 2795 debere.
763 2736 847 2795 Dum
863 2736 1091 2818 expressissimis
1114 2736 1217 2798 verbis
1234 2739 1337 2819 Impe-

249 2828 331 2876 rator
356 2820 385 2875 in
419 2821 556 2877 «strunium
583 2828 766 2877 tractatuum
796 2818 891 2879 titulis
915 2830 946 2881 ct
973 2816 1156 2901 praeloquiis
1179 2818 1246 2879 illos
1276 2820 1335 2882 sibi

249 2900 305 2977 ipsi
332 2899 483 2972 vindicet,
513 2910 558 2973 ct,
596 2920 688 2978 quem
724 2900 923 2961 Constantina
952 2902 1179 2983 Harmenopulo
1208 2903 1335 2983 tribuit,

248 2978 349 3041 Codex
377 2982 416 3040 de
441 2978 580 3057 aulicis,
608 3000 694 3037 niem
727 3000 802 3039 voro
832 2979 870 3039 ilc
897 2982 1115 3041 Ecclesiasticis
1145 2986 1335 3063 potissimum

247 3072 328 3141 agat.
371 3062 423 3121 Du
438 3064 589 3143 (bangius,
612 3063 664 3141 qui
681 3062 785 3120 omnia
799 3062 910 3141 Regiae
924 3061 1001 3122 bibl.
1019 3064 1086 3122 MS.
1111 3065 1215 3125 scdulo
1236 3087 1335 3127 cxcus-

247 3146 297 3219 sit,
321 3143 582 3225 llaruicnopubun
600 3164 661 3201 non
681 3145 776 3219 vidit,
801 3143 876 3215 alias
893 3143 1068 3220 neglexisset
1088 3148 1223 3221 minime,
1239 3169 1336 3229 qnare

249 3224 332 3285 illum
350 3226 454 3287 adesse
475 3230 523 3287 vix
540 3226 643 3288 orello.
688 3226 718 3286 Si
736 3226 850 3286 Lahbei
866 3226 1051 3285 llibliothcca
1063 3228 1151 3287 MSS.
1168 3229 1192 3303 ²)
1210 3228 1250 3288 ad
1266 3251 1334 3291 ma-

249 3330 304 3369 nns
321 3321 414 3387 esset,
436 3308 544 3371 lubens
567 3308 796 3372 consuluissem.
838 3309 869 3369 ls
900 3311 981 3369 anim
1002 3310 1112 3388 llegiac
1130 3309 1333 3375 Bibliothecae

250 3390 335 3451 MSS.
358 3394 435 3453 inter
462 3404 578 3454 caetera
603 3402 780 3467 enumerat,
804 3391 903 3473 qualis
926 3403 1027 3452 autem
1052 3392 1091 3451 sit
1110 3391 1271 3471 catalogus
1294 3397 1333 3457 de

248 3494 309 3552 ipio
332 3474 505 3557 Gesnerns,
537 3479 653 3559 ignoro.
695 3476 817 3536 lllStum
849 3474 940 3536 luisse
969 3483 1100 3557 oportet.
1142 3476 1332 3557 singularem

270 3636 294 3705 r)
311 3638 372 3692 Sive
383 3640 495 3693 lacobus
510 3640 615 3694 Frislns
633 3644 726 3713 potius
745 3642 773 3691 lu
784 3641 911 3711 Epitome
922 3640 1186 3695 RibLGesnerianae
1201 3650 1230 3695 et
1243 3648 1332 3698 coati-

317 3710 447 3763 uuaticne
464 3728 508 3781 ap.
527 3712 673 3765 h'roschor.
696 3712 770 3769 158³.
789 3712 837 3769 sol.
855 3713 945 3781 p.t73.
1023 3714 1052 3779 a)
1072 3714 1103 3762 ln
1123 3711 1174 3763 liae
1193 3729 1249 3781 pag.
1270 3732 1330 3782 ²7⁰·

316 3788 499 3835 inemorautnr
523 3796 557 3833 ex
582 3782 658 3835 MSS.
687 3782 756 3835 Bibl.
780 3781 898 3852 Regiae,
923 3788 986 3852 post
1015 3782 1210 3851 llarmenopuli
1238 3801 1332 3853 prom·

316 3850 435 3903 tuarium
454 3848 534 3903 libris
559 3852 631 3902 Vlll.
658 3850 818 3905 distinctum
845 3860 874 3904 ct
892 3853 1022 3921 pleraque
1049 3853 1102 3903 alia
1123 3852 1159 3903 ad
1183 3860 1331 3924 utriumque

315 3918 359 3967 ius
383 3916 548 3971 Graecorum
577 3922 730 3989 spectantia
751 3921 902 3989 opirseula,
926 3921 1027 3994 Officia
1049 3922 1160 3975 Palatii
1179 3936 1207 3975 et
1231 3926 1331 3979 Eccle-

313 3988 376 4040 siae
400 4002 431 4037 ac
454 3988 531 4039 aedos
557 3990 726 4057 patriarchae
749 3991 826 4043 Cl‘ol.
851 3990 990 4045 subiectae
1017 3992 1068 4045 suh
1091 3992 1185 4045 Leone
1203 3992 1330 4047 Philoso-

313 4054 371 4176 Blro
397 4061 426 4108 et
452 4055 607 4111 hailcouieo
630 4061 805 4130 Palacologo,
831 4069 861 4114 et
886 4061 965 4121 τάξις
990 4062 1049 4113 τῶν
1070 4068 1258 4130 χειροτονιῶν
1279 4082 1330 4134 per

339 4125 482 4177 emetrium
509 4125 660 4180 Gemistum
684 4131 902 4184 protonotarium
930 4147 1043 4197 magnae
1074 4132 1203 4185 ecclcsiae
1230 4134 1329 4188 Disco·

315 4194 483 4255 animamur
505 4195 596 4247 tiones
616 4198 788 4253 Patriarehae
811 4200 890 4255 croi.
913 4200 949 4254 ad
962 4201 1061 4271 Papam
1083 4210 1113 4254 et
1135 4212 1256 4258 caeteros
1279 4206 1329 4259 Pa-

286 4294 290 4301 ·
313 4262 459 4330 blumii,
477 4212 641 4339 lirnium
677 4269 733 4325 Sed
752 4270 825 4326 nihil
843 4269 913 4326 lnce
930 4271 1112 4344 adpraesens
1130 4287 1208 4343 opus.
